%YAML 1.1
%TAG !u! tag:unity3d.com,2011:
--- !u!29 &1
OcclusionCullingSettings:
  m_ObjectHideFlags: 0
  serializedVersion: 2
  m_OcclusionBakeSettings:
    smallestOccluder: 5
    smallestHole: 0.25
    backfaceThreshold: 100
  m_SceneGUID: 00000000000000000000000000000000
  m_OcclusionCullingData: {fileID: 0}
--- !u!104 &2
RenderSettings:
  m_ObjectHideFlags: 0
  serializedVersion: 9
  m_Fog: 0
  m_FogColor: {r: 0.5, g: 0.5, b: 0.5, a: 1}
  m_FogMode: 3
  m_FogDensity: 0.01
  m_LinearFogStart: 0
  m_LinearFogEnd: 300
  m_AmbientSkyColor: {r: 0.212, g: 0.227, b: 0.259, a: 1}
  m_AmbientEquatorColor: {r: 0.114, g: 0.125, b: 0.133, a: 1}
  m_AmbientGroundColor: {r: 0.047, g: 0.043, b: 0.035, a: 1}
  m_AmbientIntensity: 1
  m_AmbientMode: 3
  m_SubtractiveShadowColor: {r: 0.42, g: 0.478, b: 0.627, a: 1}
  m_SkyboxMaterial: {fileID: 0}
  m_HaloStrength: 0.5
  m_FlareStrength: 1
  m_FlareFadeSpeed: 3
  m_HaloTexture: {fileID: 0}
  m_SpotCookie: {fileID: 10001, guid: 0000000000000000e000000000000000, type: 0}
  m_DefaultReflectionMode: 0
  m_DefaultReflectionResolution: 128
  m_ReflectionBounces: 1
  m_ReflectionIntensity: 1
  m_CustomReflection: {fileID: 0}
  m_Sun: {fileID: 0}
  m_IndirectSpecularColor: {r: 0, g: 0, b: 0, a: 1}
  m_UseRadianceAmbientProbe: 0
--- !u!157 &3
LightmapSettings:
  m_ObjectHideFlags: 0
  serializedVersion: 12
  m_GIWorkflowMode: 1
  m_GISettings:
    serializedVersion: 2
    m_BounceScale: 1
    m_IndirectOutputScale: 1
    m_AlbedoBoost: 1
    m_EnvironmentLightingMode: 0
    m_EnableBakedLightmaps: 0
    m_EnableRealtimeLightmaps: 0
  m_LightmapEditorSettings:
    serializedVersion: 12
    m_Resolution: 2
    m_BakeResolution: 40
    m_AtlasSize: 1024
    m_AO: 0
    m_AOMaxDistance: 1
    m_CompAOExponent: 1
    m_CompAOExponentDirect: 0
    m_ExtractAmbientOcclusion: 0
    m_Padding: 2
    m_LightmapParameters: {fileID: 0}
    m_LightmapsBakeMode: 1
    m_TextureCompression: 1
    m_FinalGather: 0
    m_FinalGatherFiltering: 1
    m_FinalGatherRayCount: 256
    m_ReflectionCompression: 2
    m_MixedBakeMode: 2
    m_BakeBackend: 0
    m_PVRSampling: 1
    m_PVRDirectSampleCount: 32
    m_PVRSampleCount: 500
    m_PVRBounces: 2
    m_PVREnvironmentSampleCount: 500
    m_PVREnvironmentReferencePointCount: 2048
    m_PVRFilteringMode: 2
    m_PVRDenoiserTypeDirect: 0
    m_PVRDenoiserTypeIndirect: 0
    m_PVRDenoiserTypeAO: 0
    m_PVRFilterTypeDirect: 0
    m_PVRFilterTypeIndirect: 0
    m_PVRFilterTypeAO: 0
    m_PVREnvironmentMIS: 0
    m_PVRCulling: 1
    m_PVRFilteringGaussRadiusDirect: 1
    m_PVRFilteringGaussRadiusIndirect: 5
    m_PVRFilteringGaussRadiusAO: 2
    m_PVRFilteringAtrousPositionSigmaDirect: 0.5
    m_PVRFilteringAtrousPositionSigmaIndirect: 2
    m_PVRFilteringAtrousPositionSigmaAO: 1
    m_ExportTrainingData: 0
    m_TrainingDataDestination: TrainingData
    m_LightProbeSampleCountMultiplier: 4
  m_LightingDataAsset: {fileID: 0}
  m_LightingSettings: {fileID: 0}
--- !u!196 &4
NavMeshSettings:
  serializedVersion: 2
  m_ObjectHideFlags: 0
  m_BuildSettings:
    serializedVersion: 2
    agentTypeID: 0
    agentRadius: 0.5
    agentHeight: 2
    agentSlope: 45
    agentClimb: 0.4
    ledgeDropHeight: 0
    maxJumpAcrossDistance: 0
    minRegionArea: 2
    manualCellSize: 0
    cellSize: 0.16666667
    manualTileSize: 0
    tileSize: 256
    accuratePlacement: 0
    maxJobWorkers: 0
    preserveTilesOutsideBounds: 0
    debug:
      m_Flags: 0
  m_NavMeshData: {fileID: 0}
--- !u!1 &69011776 stripped
GameObject:
  m_CorrespondingSourceObject: {fileID: 5704236399575675958, guid: bc29f705c4f267f4d87f68228342a2d0, type: 3}
  m_PrefabInstance: {fileID: 5704236399316818325}
  m_PrefabAsset: {fileID: 0}
--- !u!114 &69011777
MonoBehaviour:
  m_ObjectHideFlags: 0
  m_CorrespondingSourceObject: {fileID: 0}
  m_PrefabInstance: {fileID: 0}
  m_PrefabAsset: {fileID: 0}
  m_GameObject: {fileID: 69011776}
  m_Enabled: 1
  m_EditorHideFlags: 0
  m_Script: {fileID: 11500000, guid: 8449013f10b7c314698f0f9348ac785f, type: 3}
  m_Name: 
  m_EditorClassIdentifier: 
--- !u!224 &126120709 stripped
RectTransform:
  m_CorrespondingSourceObject: {fileID: 3711312470254498488, guid: a6b16b29ae4355d47a01bd01c2f3aa77, type: 3}
  m_PrefabInstance: {fileID: 234450228}
  m_PrefabAsset: {fileID: 0}
--- !u!1001 &234450228
PrefabInstance:
  m_ObjectHideFlags: 0
  serializedVersion: 2
  m_Modification:
    m_TransformParent: {fileID: 1900671666}
    m_Modifications:
    - target: {fileID: 3711312470254498488, guid: a6b16b29ae4355d47a01bd01c2f3aa77, type: 3}
      propertyPath: m_Pivot.x
      value: 0.5
      objectReference: {fileID: 0}
    - target: {fileID: 3711312470254498488, guid: a6b16b29ae4355d47a01bd01c2f3aa77, type: 3}
      propertyPath: m_Pivot.y
      value: 0.5
      objectReference: {fileID: 0}
    - target: {fileID: 3711312470254498488, guid: a6b16b29ae4355d47a01bd01c2f3aa77, type: 3}
      propertyPath: m_RootOrder
      value: 3
      objectReference: {fileID: 0}
    - target: {fileID: 3711312470254498488, guid: a6b16b29ae4355d47a01bd01c2f3aa77, type: 3}
      propertyPath: m_AnchorMax.x
      value: 0
      objectReference: {fileID: 0}
    - target: {fileID: 3711312470254498488, guid: a6b16b29ae4355d47a01bd01c2f3aa77, type: 3}
      propertyPath: m_AnchorMax.y
      value: 0
      objectReference: {fileID: 0}
    - target: {fileID: 3711312470254498488, guid: a6b16b29ae4355d47a01bd01c2f3aa77, type: 3}
      propertyPath: m_AnchorMin.x
      value: 0
      objectReference: {fileID: 0}
    - target: {fileID: 3711312470254498488, guid: a6b16b29ae4355d47a01bd01c2f3aa77, type: 3}
      propertyPath: m_AnchorMin.y
      value: 0
      objectReference: {fileID: 0}
    - target: {fileID: 3711312470254498488, guid: a6b16b29ae4355d47a01bd01c2f3aa77, type: 3}
      propertyPath: m_SizeDelta.x
      value: 0
      objectReference: {fileID: 0}
    - target: {fileID: 3711312470254498488, guid: a6b16b29ae4355d47a01bd01c2f3aa77, type: 3}
      propertyPath: m_SizeDelta.y
      value: 0
      objectReference: {fileID: 0}
    - target: {fileID: 3711312470254498488, guid: a6b16b29ae4355d47a01bd01c2f3aa77, type: 3}
      propertyPath: m_LocalPosition.x
      value: 0
      objectReference: {fileID: 0}
    - target: {fileID: 3711312470254498488, guid: a6b16b29ae4355d47a01bd01c2f3aa77, type: 3}
      propertyPath: m_LocalPosition.y
      value: 0
      objectReference: {fileID: 0}
    - target: {fileID: 3711312470254498488, guid: a6b16b29ae4355d47a01bd01c2f3aa77, type: 3}
      propertyPath: m_LocalPosition.z
      value: 0
      objectReference: {fileID: 0}
    - target: {fileID: 3711312470254498488, guid: a6b16b29ae4355d47a01bd01c2f3aa77, type: 3}
      propertyPath: m_LocalRotation.w
      value: 1
      objectReference: {fileID: 0}
    - target: {fileID: 3711312470254498488, guid: a6b16b29ae4355d47a01bd01c2f3aa77, type: 3}
      propertyPath: m_LocalRotation.x
      value: -0
      objectReference: {fileID: 0}
    - target: {fileID: 3711312470254498488, guid: a6b16b29ae4355d47a01bd01c2f3aa77, type: 3}
      propertyPath: m_LocalRotation.y
      value: -0
      objectReference: {fileID: 0}
    - target: {fileID: 3711312470254498488, guid: a6b16b29ae4355d47a01bd01c2f3aa77, type: 3}
      propertyPath: m_LocalRotation.z
      value: -0
      objectReference: {fileID: 0}
    - target: {fileID: 3711312470254498488, guid: a6b16b29ae4355d47a01bd01c2f3aa77, type: 3}
      propertyPath: m_AnchoredPosition.x
      value: 0
      objectReference: {fileID: 0}
    - target: {fileID: 3711312470254498488, guid: a6b16b29ae4355d47a01bd01c2f3aa77, type: 3}
      propertyPath: m_AnchoredPosition.y
      value: 0
      objectReference: {fileID: 0}
    - target: {fileID: 3711312470254498488, guid: a6b16b29ae4355d47a01bd01c2f3aa77, type: 3}
      propertyPath: m_LocalEulerAnglesHint.x
      value: 0
      objectReference: {fileID: 0}
    - target: {fileID: 3711312470254498488, guid: a6b16b29ae4355d47a01bd01c2f3aa77, type: 3}
      propertyPath: m_LocalEulerAnglesHint.y
      value: 0
      objectReference: {fileID: 0}
    - target: {fileID: 3711312470254498488, guid: a6b16b29ae4355d47a01bd01c2f3aa77, type: 3}
      propertyPath: m_LocalEulerAnglesHint.z
      value: 0
      objectReference: {fileID: 0}
    - target: {fileID: 3711312470254498489, guid: a6b16b29ae4355d47a01bd01c2f3aa77, type: 3}
      propertyPath: m_Name
      value: Inventory Slot (3)
      objectReference: {fileID: 0}
    m_RemovedComponents: []
  m_SourcePrefab: {fileID: 100100000, guid: a6b16b29ae4355d47a01bd01c2f3aa77, type: 3}
--- !u!1001 &305365799
PrefabInstance:
  m_ObjectHideFlags: 0
  serializedVersion: 2
  m_Modification:
    m_TransformParent: {fileID: 1900671666}
    m_Modifications:
    - target: {fileID: 3711312470254498488, guid: a6b16b29ae4355d47a01bd01c2f3aa77, type: 3}
      propertyPath: m_Pivot.x
      value: 0.5
      objectReference: {fileID: 0}
    - target: {fileID: 3711312470254498488, guid: a6b16b29ae4355d47a01bd01c2f3aa77, type: 3}
      propertyPath: m_Pivot.y
      value: 0.5
      objectReference: {fileID: 0}
    - target: {fileID: 3711312470254498488, guid: a6b16b29ae4355d47a01bd01c2f3aa77, type: 3}
      propertyPath: m_RootOrder
      value: 7
      objectReference: {fileID: 0}
    - target: {fileID: 3711312470254498488, guid: a6b16b29ae4355d47a01bd01c2f3aa77, type: 3}
      propertyPath: m_AnchorMax.x
      value: 0
      objectReference: {fileID: 0}
    - target: {fileID: 3711312470254498488, guid: a6b16b29ae4355d47a01bd01c2f3aa77, type: 3}
      propertyPath: m_AnchorMax.y
      value: 0
      objectReference: {fileID: 0}
    - target: {fileID: 3711312470254498488, guid: a6b16b29ae4355d47a01bd01c2f3aa77, type: 3}
      propertyPath: m_AnchorMin.x
      value: 0
      objectReference: {fileID: 0}
    - target: {fileID: 3711312470254498488, guid: a6b16b29ae4355d47a01bd01c2f3aa77, type: 3}
      propertyPath: m_AnchorMin.y
      value: 0
      objectReference: {fileID: 0}
    - target: {fileID: 3711312470254498488, guid: a6b16b29ae4355d47a01bd01c2f3aa77, type: 3}
      propertyPath: m_SizeDelta.x
      value: 0
      objectReference: {fileID: 0}
    - target: {fileID: 3711312470254498488, guid: a6b16b29ae4355d47a01bd01c2f3aa77, type: 3}
      propertyPath: m_SizeDelta.y
      value: 0
      objectReference: {fileID: 0}
    - target: {fileID: 3711312470254498488, guid: a6b16b29ae4355d47a01bd01c2f3aa77, type: 3}
      propertyPath: m_LocalPosition.x
      value: 0
      objectReference: {fileID: 0}
    - target: {fileID: 3711312470254498488, guid: a6b16b29ae4355d47a01bd01c2f3aa77, type: 3}
      propertyPath: m_LocalPosition.y
      value: 0
      objectReference: {fileID: 0}
    - target: {fileID: 3711312470254498488, guid: a6b16b29ae4355d47a01bd01c2f3aa77, type: 3}
      propertyPath: m_LocalPosition.z
      value: 0
      objectReference: {fileID: 0}
    - target: {fileID: 3711312470254498488, guid: a6b16b29ae4355d47a01bd01c2f3aa77, type: 3}
      propertyPath: m_LocalRotation.w
      value: 1
      objectReference: {fileID: 0}
    - target: {fileID: 3711312470254498488, guid: a6b16b29ae4355d47a01bd01c2f3aa77, type: 3}
      propertyPath: m_LocalRotation.x
      value: -0
      objectReference: {fileID: 0}
    - target: {fileID: 3711312470254498488, guid: a6b16b29ae4355d47a01bd01c2f3aa77, type: 3}
      propertyPath: m_LocalRotation.y
      value: -0
      objectReference: {fileID: 0}
    - target: {fileID: 3711312470254498488, guid: a6b16b29ae4355d47a01bd01c2f3aa77, type: 3}
      propertyPath: m_LocalRotation.z
      value: -0
      objectReference: {fileID: 0}
    - target: {fileID: 3711312470254498488, guid: a6b16b29ae4355d47a01bd01c2f3aa77, type: 3}
      propertyPath: m_AnchoredPosition.x
      value: 0
      objectReference: {fileID: 0}
    - target: {fileID: 3711312470254498488, guid: a6b16b29ae4355d47a01bd01c2f3aa77, type: 3}
      propertyPath: m_AnchoredPosition.y
      value: 0
      objectReference: {fileID: 0}
    - target: {fileID: 3711312470254498488, guid: a6b16b29ae4355d47a01bd01c2f3aa77, type: 3}
      propertyPath: m_LocalEulerAnglesHint.x
      value: 0
      objectReference: {fileID: 0}
    - target: {fileID: 3711312470254498488, guid: a6b16b29ae4355d47a01bd01c2f3aa77, type: 3}
      propertyPath: m_LocalEulerAnglesHint.y
      value: 0
      objectReference: {fileID: 0}
    - target: {fileID: 3711312470254498488, guid: a6b16b29ae4355d47a01bd01c2f3aa77, type: 3}
      propertyPath: m_LocalEulerAnglesHint.z
      value: 0
      objectReference: {fileID: 0}
    - target: {fileID: 3711312470254498489, guid: a6b16b29ae4355d47a01bd01c2f3aa77, type: 3}
      propertyPath: m_Name
      value: Inventory Slot (7)
      objectReference: {fileID: 0}
    m_RemovedComponents: []
  m_SourcePrefab: {fileID: 100100000, guid: a6b16b29ae4355d47a01bd01c2f3aa77, type: 3}
--- !u!224 &326259286 stripped
RectTransform:
  m_CorrespondingSourceObject: {fileID: 3711312470254498488, guid: a6b16b29ae4355d47a01bd01c2f3aa77, type: 3}
  m_PrefabInstance: {fileID: 636099097}
  m_PrefabAsset: {fileID: 0}
--- !u!1001 &375524185
PrefabInstance:
  m_ObjectHideFlags: 0
  serializedVersion: 2
  m_Modification:
    m_TransformParent: {fileID: 1900671666}
    m_Modifications:
    - target: {fileID: 3711312470254498488, guid: a6b16b29ae4355d47a01bd01c2f3aa77, type: 3}
      propertyPath: m_Pivot.x
      value: 0.5
      objectReference: {fileID: 0}
    - target: {fileID: 3711312470254498488, guid: a6b16b29ae4355d47a01bd01c2f3aa77, type: 3}
      propertyPath: m_Pivot.y
      value: 0.5
      objectReference: {fileID: 0}
    - target: {fileID: 3711312470254498488, guid: a6b16b29ae4355d47a01bd01c2f3aa77, type: 3}
      propertyPath: m_RootOrder
      value: 11
      objectReference: {fileID: 0}
    - target: {fileID: 3711312470254498488, guid: a6b16b29ae4355d47a01bd01c2f3aa77, type: 3}
      propertyPath: m_AnchorMax.x
      value: 0
      objectReference: {fileID: 0}
    - target: {fileID: 3711312470254498488, guid: a6b16b29ae4355d47a01bd01c2f3aa77, type: 3}
      propertyPath: m_AnchorMax.y
      value: 0
      objectReference: {fileID: 0}
    - target: {fileID: 3711312470254498488, guid: a6b16b29ae4355d47a01bd01c2f3aa77, type: 3}
      propertyPath: m_AnchorMin.x
      value: 0
      objectReference: {fileID: 0}
    - target: {fileID: 3711312470254498488, guid: a6b16b29ae4355d47a01bd01c2f3aa77, type: 3}
      propertyPath: m_AnchorMin.y
      value: 0
      objectReference: {fileID: 0}
    - target: {fileID: 3711312470254498488, guid: a6b16b29ae4355d47a01bd01c2f3aa77, type: 3}
      propertyPath: m_SizeDelta.x
      value: 0
      objectReference: {fileID: 0}
    - target: {fileID: 3711312470254498488, guid: a6b16b29ae4355d47a01bd01c2f3aa77, type: 3}
      propertyPath: m_SizeDelta.y
      value: 0
      objectReference: {fileID: 0}
    - target: {fileID: 3711312470254498488, guid: a6b16b29ae4355d47a01bd01c2f3aa77, type: 3}
      propertyPath: m_LocalPosition.x
      value: 0
      objectReference: {fileID: 0}
    - target: {fileID: 3711312470254498488, guid: a6b16b29ae4355d47a01bd01c2f3aa77, type: 3}
      propertyPath: m_LocalPosition.y
      value: 0
      objectReference: {fileID: 0}
    - target: {fileID: 3711312470254498488, guid: a6b16b29ae4355d47a01bd01c2f3aa77, type: 3}
      propertyPath: m_LocalPosition.z
      value: 0
      objectReference: {fileID: 0}
    - target: {fileID: 3711312470254498488, guid: a6b16b29ae4355d47a01bd01c2f3aa77, type: 3}
      propertyPath: m_LocalRotation.w
      value: 1
      objectReference: {fileID: 0}
    - target: {fileID: 3711312470254498488, guid: a6b16b29ae4355d47a01bd01c2f3aa77, type: 3}
      propertyPath: m_LocalRotation.x
      value: -0
      objectReference: {fileID: 0}
    - target: {fileID: 3711312470254498488, guid: a6b16b29ae4355d47a01bd01c2f3aa77, type: 3}
      propertyPath: m_LocalRotation.y
      value: -0
      objectReference: {fileID: 0}
    - target: {fileID: 3711312470254498488, guid: a6b16b29ae4355d47a01bd01c2f3aa77, type: 3}
      propertyPath: m_LocalRotation.z
      value: -0
      objectReference: {fileID: 0}
    - target: {fileID: 3711312470254498488, guid: a6b16b29ae4355d47a01bd01c2f3aa77, type: 3}
      propertyPath: m_AnchoredPosition.x
      value: 0
      objectReference: {fileID: 0}
    - target: {fileID: 3711312470254498488, guid: a6b16b29ae4355d47a01bd01c2f3aa77, type: 3}
      propertyPath: m_AnchoredPosition.y
      value: 0
      objectReference: {fileID: 0}
    - target: {fileID: 3711312470254498488, guid: a6b16b29ae4355d47a01bd01c2f3aa77, type: 3}
      propertyPath: m_LocalEulerAnglesHint.x
      value: 0
      objectReference: {fileID: 0}
    - target: {fileID: 3711312470254498488, guid: a6b16b29ae4355d47a01bd01c2f3aa77, type: 3}
      propertyPath: m_LocalEulerAnglesHint.y
      value: 0
      objectReference: {fileID: 0}
    - target: {fileID: 3711312470254498488, guid: a6b16b29ae4355d47a01bd01c2f3aa77, type: 3}
      propertyPath: m_LocalEulerAnglesHint.z
      value: 0
      objectReference: {fileID: 0}
    - target: {fileID: 3711312470254498489, guid: a6b16b29ae4355d47a01bd01c2f3aa77, type: 3}
      propertyPath: m_Name
      value: Inventory Slot (11)
      objectReference: {fileID: 0}
    m_RemovedComponents: []
  m_SourcePrefab: {fileID: 100100000, guid: a6b16b29ae4355d47a01bd01c2f3aa77, type: 3}
--- !u!1001 &405170679
PrefabInstance:
  m_ObjectHideFlags: 0
  serializedVersion: 2
  m_Modification:
    m_TransformParent: {fileID: 1900671666}
    m_Modifications:
    - target: {fileID: 3711312470254498488, guid: a6b16b29ae4355d47a01bd01c2f3aa77, type: 3}
      propertyPath: m_Pivot.x
      value: 0.5
      objectReference: {fileID: 0}
    - target: {fileID: 3711312470254498488, guid: a6b16b29ae4355d47a01bd01c2f3aa77, type: 3}
      propertyPath: m_Pivot.y
      value: 0.5
      objectReference: {fileID: 0}
    - target: {fileID: 3711312470254498488, guid: a6b16b29ae4355d47a01bd01c2f3aa77, type: 3}
      propertyPath: m_RootOrder
      value: 6
      objectReference: {fileID: 0}
    - target: {fileID: 3711312470254498488, guid: a6b16b29ae4355d47a01bd01c2f3aa77, type: 3}
      propertyPath: m_AnchorMax.x
      value: 0
      objectReference: {fileID: 0}
    - target: {fileID: 3711312470254498488, guid: a6b16b29ae4355d47a01bd01c2f3aa77, type: 3}
      propertyPath: m_AnchorMax.y
      value: 0
      objectReference: {fileID: 0}
    - target: {fileID: 3711312470254498488, guid: a6b16b29ae4355d47a01bd01c2f3aa77, type: 3}
      propertyPath: m_AnchorMin.x
      value: 0
      objectReference: {fileID: 0}
    - target: {fileID: 3711312470254498488, guid: a6b16b29ae4355d47a01bd01c2f3aa77, type: 3}
      propertyPath: m_AnchorMin.y
      value: 0
      objectReference: {fileID: 0}
    - target: {fileID: 3711312470254498488, guid: a6b16b29ae4355d47a01bd01c2f3aa77, type: 3}
      propertyPath: m_SizeDelta.x
      value: 0
      objectReference: {fileID: 0}
    - target: {fileID: 3711312470254498488, guid: a6b16b29ae4355d47a01bd01c2f3aa77, type: 3}
      propertyPath: m_SizeDelta.y
      value: 0
      objectReference: {fileID: 0}
    - target: {fileID: 3711312470254498488, guid: a6b16b29ae4355d47a01bd01c2f3aa77, type: 3}
      propertyPath: m_LocalPosition.x
      value: 0
      objectReference: {fileID: 0}
    - target: {fileID: 3711312470254498488, guid: a6b16b29ae4355d47a01bd01c2f3aa77, type: 3}
      propertyPath: m_LocalPosition.y
      value: 0
      objectReference: {fileID: 0}
    - target: {fileID: 3711312470254498488, guid: a6b16b29ae4355d47a01bd01c2f3aa77, type: 3}
      propertyPath: m_LocalPosition.z
      value: 0
      objectReference: {fileID: 0}
    - target: {fileID: 3711312470254498488, guid: a6b16b29ae4355d47a01bd01c2f3aa77, type: 3}
      propertyPath: m_LocalRotation.w
      value: 1
      objectReference: {fileID: 0}
    - target: {fileID: 3711312470254498488, guid: a6b16b29ae4355d47a01bd01c2f3aa77, type: 3}
      propertyPath: m_LocalRotation.x
      value: -0
      objectReference: {fileID: 0}
    - target: {fileID: 3711312470254498488, guid: a6b16b29ae4355d47a01bd01c2f3aa77, type: 3}
      propertyPath: m_LocalRotation.y
      value: -0
      objectReference: {fileID: 0}
    - target: {fileID: 3711312470254498488, guid: a6b16b29ae4355d47a01bd01c2f3aa77, type: 3}
      propertyPath: m_LocalRotation.z
      value: -0
      objectReference: {fileID: 0}
    - target: {fileID: 3711312470254498488, guid: a6b16b29ae4355d47a01bd01c2f3aa77, type: 3}
      propertyPath: m_AnchoredPosition.x
      value: 0
      objectReference: {fileID: 0}
    - target: {fileID: 3711312470254498488, guid: a6b16b29ae4355d47a01bd01c2f3aa77, type: 3}
      propertyPath: m_AnchoredPosition.y
      value: 0
      objectReference: {fileID: 0}
    - target: {fileID: 3711312470254498488, guid: a6b16b29ae4355d47a01bd01c2f3aa77, type: 3}
      propertyPath: m_LocalEulerAnglesHint.x
      value: 0
      objectReference: {fileID: 0}
    - target: {fileID: 3711312470254498488, guid: a6b16b29ae4355d47a01bd01c2f3aa77, type: 3}
      propertyPath: m_LocalEulerAnglesHint.y
      value: 0
      objectReference: {fileID: 0}
    - target: {fileID: 3711312470254498488, guid: a6b16b29ae4355d47a01bd01c2f3aa77, type: 3}
      propertyPath: m_LocalEulerAnglesHint.z
      value: 0
      objectReference: {fileID: 0}
    - target: {fileID: 3711312470254498489, guid: a6b16b29ae4355d47a01bd01c2f3aa77, type: 3}
      propertyPath: m_Name
      value: Inventory Slot (6)
      objectReference: {fileID: 0}
    m_RemovedComponents: []
  m_SourcePrefab: {fileID: 100100000, guid: a6b16b29ae4355d47a01bd01c2f3aa77, type: 3}
--- !u!1 &510490407
GameObject:
  m_ObjectHideFlags: 0
  m_CorrespondingSourceObject: {fileID: 0}
  m_PrefabInstance: {fileID: 0}
  m_PrefabAsset: {fileID: 0}
  serializedVersion: 6
  m_Component:
  - component: {fileID: 510490408}
  - component: {fileID: 510490410}
  - component: {fileID: 510490409}
  m_Layer: 5
  m_Name: Text (TMP)
  m_TagString: Untagged
  m_Icon: {fileID: 0}
  m_NavMeshLayer: 0
  m_StaticEditorFlags: 0
  m_IsActive: 1
--- !u!224 &510490408
RectTransform:
  m_ObjectHideFlags: 0
  m_CorrespondingSourceObject: {fileID: 0}
  m_PrefabInstance: {fileID: 0}
  m_PrefabAsset: {fileID: 0}
  m_GameObject: {fileID: 510490407}
  m_LocalRotation: {x: 0, y: 0, z: 0, w: 1}
  m_LocalPosition: {x: 0, y: 0, z: 0}
  m_LocalScale: {x: 1, y: 1, z: 1}
  m_Children: []
  m_Father: {fileID: 1663062869}
  m_RootOrder: 0
  m_LocalEulerAnglesHint: {x: 0, y: 0, z: 0}
  m_AnchorMin: {x: 0.5, y: 0.5}
  m_AnchorMax: {x: 0.5, y: 0.5}
  m_AnchoredPosition: {x: 0, y: 0}
  m_SizeDelta: {x: 200, y: 50}
  m_Pivot: {x: 0.5, y: 0.5}
--- !u!114 &510490409
MonoBehaviour:
  m_ObjectHideFlags: 0
  m_CorrespondingSourceObject: {fileID: 0}
  m_PrefabInstance: {fileID: 0}
  m_PrefabAsset: {fileID: 0}
  m_GameObject: {fileID: 510490407}
  m_Enabled: 1
  m_EditorHideFlags: 0
  m_Script: {fileID: 11500000, guid: f4688fdb7df04437aeb418b961361dc5, type: 3}
  m_Name: 
  m_EditorClassIdentifier: 
  m_Material: {fileID: 0}
  m_Color: {r: 1, g: 1, b: 1, a: 1}
  m_RaycastTarget: 1
  m_RaycastPadding: {x: 0, y: 0, z: 0, w: 0}
  m_Maskable: 1
  m_OnCullStateChanged:
    m_PersistentCalls:
      m_Calls: []
  m_text: Inventory
  m_isRightToLeft: 0
  m_fontAsset: {fileID: 11400000, guid: 8f586378b4e144a9851e7b34d9b748ee, type: 2}
  m_sharedMaterial: {fileID: 2100000, guid: e73a58f6e2794ae7b1b7e50b7fb811b0, type: 2}
  m_fontSharedMaterials: []
  m_fontMaterial: {fileID: 0}
  m_fontMaterials: []
  m_fontColor32:
    serializedVersion: 2
    rgba: 4278190227
  m_fontColor: {r: 0.5754717, g: 0, b: 0, a: 1}
  m_enableVertexGradient: 0
  m_colorMode: 3
  m_fontColorGradient:
    topLeft: {r: 1, g: 1, b: 1, a: 1}
    topRight: {r: 1, g: 1, b: 1, a: 1}
    bottomLeft: {r: 1, g: 1, b: 1, a: 1}
    bottomRight: {r: 1, g: 1, b: 1, a: 1}
  m_fontColorGradientPreset: {fileID: 0}
  m_spriteAsset: {fileID: 0}
  m_tintAllSprites: 0
  m_StyleSheet: {fileID: 0}
  m_TextStyleHashCode: -1183493901
  m_overrideHtmlColors: 0
  m_faceColor:
    serializedVersion: 2
    rgba: 4294967295
  m_fontSize: 10.62
  m_fontSizeBase: 10.62
  m_fontWeight: 400
  m_enableAutoSizing: 0
  m_fontSizeMin: 18
  m_fontSizeMax: 72
  m_fontStyle: 1
  m_HorizontalAlignment: 2
  m_VerticalAlignment: 512
  m_textAlignment: 65535
  m_characterSpacing: 0
  m_wordSpacing: 0
  m_lineSpacing: 0
  m_lineSpacingMax: 0
  m_paragraphSpacing: 0
  m_charWidthMaxAdj: 0
  m_enableWordWrapping: 1
  m_wordWrappingRatios: 0.4
  m_overflowMode: 0
  m_linkedTextComponent: {fileID: 0}
  parentLinkedComponent: {fileID: 0}
  m_enableKerning: 1
  m_enableExtraPadding: 0
  checkPaddingRequired: 0
  m_isRichText: 1
  m_parseCtrlCharacters: 1
  m_isOrthographic: 1
  m_isCullingEnabled: 0
  m_horizontalMapping: 0
  m_verticalMapping: 0
  m_uvLineOffset: 0
  m_geometrySortingOrder: 0
  m_IsTextObjectScaleStatic: 0
  m_VertexBufferAutoSizeReduction: 0
  m_useMaxVisibleDescender: 1
  m_pageToDisplay: 1
  m_margin: {x: 0, y: 0, z: 0, w: 0}
  m_isUsingLegacyAnimationComponent: 0
  m_isVolumetricText: 0
  m_hasFontAssetChanged: 0
  m_baseMaterial: {fileID: 0}
  m_maskOffset: {x: 0, y: 0, z: 0, w: 0}
--- !u!222 &510490410
CanvasRenderer:
  m_ObjectHideFlags: 0
  m_CorrespondingSourceObject: {fileID: 0}
  m_PrefabInstance: {fileID: 0}
  m_PrefabAsset: {fileID: 0}
  m_GameObject: {fileID: 510490407}
  m_CullTransparentMesh: 1
--- !u!1 &519420028
GameObject:
  m_ObjectHideFlags: 0
  m_CorrespondingSourceObject: {fileID: 0}
  m_PrefabInstance: {fileID: 0}
  m_PrefabAsset: {fileID: 0}
  serializedVersion: 6
  m_Component:
  - component: {fileID: 519420032}
  - component: {fileID: 519420031}
  - component: {fileID: 519420029}
  - component: {fileID: 519420030}
  m_Layer: 0
  m_Name: Main Camera
  m_TagString: MainCamera
  m_Icon: {fileID: 0}
  m_NavMeshLayer: 0
  m_StaticEditorFlags: 0
  m_IsActive: 1
--- !u!81 &519420029
AudioListener:
  m_ObjectHideFlags: 0
  m_CorrespondingSourceObject: {fileID: 0}
  m_PrefabInstance: {fileID: 0}
  m_PrefabAsset: {fileID: 0}
  m_GameObject: {fileID: 519420028}
  m_Enabled: 1
--- !u!114 &519420030
MonoBehaviour:
  m_ObjectHideFlags: 0
  m_CorrespondingSourceObject: {fileID: 0}
  m_PrefabInstance: {fileID: 0}
  m_PrefabAsset: {fileID: 0}
  m_GameObject: {fileID: 519420028}
  m_Enabled: 1
  m_EditorHideFlags: 0
  m_Script: {fileID: 11500000, guid: 72ece51f2901e7445ab60da3685d6b5f, type: 3}
  m_Name: 
  m_EditorClassIdentifier: 
  m_ShowDebugText: 0
  m_ShowCameraFrustum: 1
  m_IgnoreTimeScale: 0
  m_WorldUpOverride: {fileID: 0}
  m_UpdateMethod: 2
  m_BlendUpdateMethod: 1
  m_DefaultBlend:
    m_Style: 1
    m_Time: 2
    m_CustomCurve:
      serializedVersion: 2
      m_Curve: []
      m_PreInfinity: 2
      m_PostInfinity: 2
      m_RotationOrder: 4
  m_CustomBlends: {fileID: 0}
  m_CameraCutEvent:
    m_PersistentCalls:
      m_Calls: []
  m_CameraActivatedEvent:
    m_PersistentCalls:
      m_Calls: []
--- !u!20 &519420031
Camera:
  m_ObjectHideFlags: 0
  m_CorrespondingSourceObject: {fileID: 0}
  m_PrefabInstance: {fileID: 0}
  m_PrefabAsset: {fileID: 0}
  m_GameObject: {fileID: 519420028}
  m_Enabled: 1
  serializedVersion: 2
  m_ClearFlags: 2
  m_BackGroundColor: {r: 0.19215687, g: 0.3019608, b: 0.4745098, a: 0}
  m_projectionMatrixMode: 1
  m_GateFitMode: 2
  m_FOVAxisMode: 0
  m_SensorSize: {x: 36, y: 24}
  m_LensShift: {x: 0, y: 0}
  m_FocalLength: 50
  m_NormalizedViewPortRect:
    serializedVersion: 2
    x: 0
    y: 0
    width: 1
    height: 1
  near clip plane: 0.3
  far clip plane: 1000
  field of view: 60
  orthographic: 1
  orthographic size: 5
  m_Depth: -1
  m_CullingMask:
    serializedVersion: 2
    m_Bits: 4294967295
  m_RenderingPath: -1
  m_TargetTexture: {fileID: 0}
  m_TargetDisplay: 0
  m_TargetEye: 0
  m_HDR: 1
  m_AllowMSAA: 0
  m_AllowDynamicResolution: 0
  m_ForceIntoRT: 0
  m_OcclusionCulling: 0
  m_StereoConvergence: 10
  m_StereoSeparation: 0.022
--- !u!4 &519420032
Transform:
  m_ObjectHideFlags: 0
  m_CorrespondingSourceObject: {fileID: 0}
  m_PrefabInstance: {fileID: 0}
  m_PrefabAsset: {fileID: 0}
  m_GameObject: {fileID: 519420028}
  m_LocalRotation: {x: 0, y: 0, z: 0, w: 1}
  m_LocalPosition: {x: 15.5, y: 15.5, z: -10}
  m_LocalScale: {x: 1, y: 1, z: 1}
  m_Children: []
  m_Father: {fileID: 0}
  m_RootOrder: 0
  m_LocalEulerAnglesHint: {x: 0, y: 0, z: 0}
--- !u!1 &579450453 stripped
GameObject:
  m_CorrespondingSourceObject: {fileID: 3711312470596231976, guid: a6b16b29ae4355d47a01bd01c2f3aa77, type: 3}
  m_PrefabInstance: {fileID: 1815048495}
  m_PrefabAsset: {fileID: 0}
--- !u!1001 &636099097
PrefabInstance:
  m_ObjectHideFlags: 0
  serializedVersion: 2
  m_Modification:
    m_TransformParent: {fileID: 1900671666}
    m_Modifications:
    - target: {fileID: 3711312470254498488, guid: a6b16b29ae4355d47a01bd01c2f3aa77, type: 3}
      propertyPath: m_Pivot.x
      value: 0.5
      objectReference: {fileID: 0}
    - target: {fileID: 3711312470254498488, guid: a6b16b29ae4355d47a01bd01c2f3aa77, type: 3}
      propertyPath: m_Pivot.y
      value: 0.5
      objectReference: {fileID: 0}
    - target: {fileID: 3711312470254498488, guid: a6b16b29ae4355d47a01bd01c2f3aa77, type: 3}
      propertyPath: m_RootOrder
      value: 10
      objectReference: {fileID: 0}
    - target: {fileID: 3711312470254498488, guid: a6b16b29ae4355d47a01bd01c2f3aa77, type: 3}
      propertyPath: m_AnchorMax.x
      value: 0
      objectReference: {fileID: 0}
    - target: {fileID: 3711312470254498488, guid: a6b16b29ae4355d47a01bd01c2f3aa77, type: 3}
      propertyPath: m_AnchorMax.y
      value: 0
      objectReference: {fileID: 0}
    - target: {fileID: 3711312470254498488, guid: a6b16b29ae4355d47a01bd01c2f3aa77, type: 3}
      propertyPath: m_AnchorMin.x
      value: 0
      objectReference: {fileID: 0}
    - target: {fileID: 3711312470254498488, guid: a6b16b29ae4355d47a01bd01c2f3aa77, type: 3}
      propertyPath: m_AnchorMin.y
      value: 0
      objectReference: {fileID: 0}
    - target: {fileID: 3711312470254498488, guid: a6b16b29ae4355d47a01bd01c2f3aa77, type: 3}
      propertyPath: m_SizeDelta.x
      value: 0
      objectReference: {fileID: 0}
    - target: {fileID: 3711312470254498488, guid: a6b16b29ae4355d47a01bd01c2f3aa77, type: 3}
      propertyPath: m_SizeDelta.y
      value: 0
      objectReference: {fileID: 0}
    - target: {fileID: 3711312470254498488, guid: a6b16b29ae4355d47a01bd01c2f3aa77, type: 3}
      propertyPath: m_LocalPosition.x
      value: 0
      objectReference: {fileID: 0}
    - target: {fileID: 3711312470254498488, guid: a6b16b29ae4355d47a01bd01c2f3aa77, type: 3}
      propertyPath: m_LocalPosition.y
      value: 0
      objectReference: {fileID: 0}
    - target: {fileID: 3711312470254498488, guid: a6b16b29ae4355d47a01bd01c2f3aa77, type: 3}
      propertyPath: m_LocalPosition.z
      value: 0
      objectReference: {fileID: 0}
    - target: {fileID: 3711312470254498488, guid: a6b16b29ae4355d47a01bd01c2f3aa77, type: 3}
      propertyPath: m_LocalRotation.w
      value: 1
      objectReference: {fileID: 0}
    - target: {fileID: 3711312470254498488, guid: a6b16b29ae4355d47a01bd01c2f3aa77, type: 3}
      propertyPath: m_LocalRotation.x
      value: -0
      objectReference: {fileID: 0}
    - target: {fileID: 3711312470254498488, guid: a6b16b29ae4355d47a01bd01c2f3aa77, type: 3}
      propertyPath: m_LocalRotation.y
      value: -0
      objectReference: {fileID: 0}
    - target: {fileID: 3711312470254498488, guid: a6b16b29ae4355d47a01bd01c2f3aa77, type: 3}
      propertyPath: m_LocalRotation.z
      value: -0
      objectReference: {fileID: 0}
    - target: {fileID: 3711312470254498488, guid: a6b16b29ae4355d47a01bd01c2f3aa77, type: 3}
      propertyPath: m_AnchoredPosition.x
      value: 0
      objectReference: {fileID: 0}
    - target: {fileID: 3711312470254498488, guid: a6b16b29ae4355d47a01bd01c2f3aa77, type: 3}
      propertyPath: m_AnchoredPosition.y
      value: 0
      objectReference: {fileID: 0}
    - target: {fileID: 3711312470254498488, guid: a6b16b29ae4355d47a01bd01c2f3aa77, type: 3}
      propertyPath: m_LocalEulerAnglesHint.x
      value: 0
      objectReference: {fileID: 0}
    - target: {fileID: 3711312470254498488, guid: a6b16b29ae4355d47a01bd01c2f3aa77, type: 3}
      propertyPath: m_LocalEulerAnglesHint.y
      value: 0
      objectReference: {fileID: 0}
    - target: {fileID: 3711312470254498488, guid: a6b16b29ae4355d47a01bd01c2f3aa77, type: 3}
      propertyPath: m_LocalEulerAnglesHint.z
      value: 0
      objectReference: {fileID: 0}
    - target: {fileID: 3711312470254498489, guid: a6b16b29ae4355d47a01bd01c2f3aa77, type: 3}
      propertyPath: m_Name
      value: Inventory Slot (10)
      objectReference: {fileID: 0}
    m_RemovedComponents: []
  m_SourcePrefab: {fileID: 100100000, guid: a6b16b29ae4355d47a01bd01c2f3aa77, type: 3}
--- !u!1001 &657522669
PrefabInstance:
  m_ObjectHideFlags: 0
  serializedVersion: 2
  m_Modification:
    m_TransformParent: {fileID: 1900671666}
    m_Modifications:
    - target: {fileID: 3711312470254498488, guid: a6b16b29ae4355d47a01bd01c2f3aa77, type: 3}
      propertyPath: m_Pivot.x
      value: 0.5
      objectReference: {fileID: 0}
    - target: {fileID: 3711312470254498488, guid: a6b16b29ae4355d47a01bd01c2f3aa77, type: 3}
      propertyPath: m_Pivot.y
      value: 0.5
      objectReference: {fileID: 0}
    - target: {fileID: 3711312470254498488, guid: a6b16b29ae4355d47a01bd01c2f3aa77, type: 3}
      propertyPath: m_RootOrder
      value: 4
      objectReference: {fileID: 0}
    - target: {fileID: 3711312470254498488, guid: a6b16b29ae4355d47a01bd01c2f3aa77, type: 3}
      propertyPath: m_AnchorMax.x
      value: 0
      objectReference: {fileID: 0}
    - target: {fileID: 3711312470254498488, guid: a6b16b29ae4355d47a01bd01c2f3aa77, type: 3}
      propertyPath: m_AnchorMax.y
      value: 0
      objectReference: {fileID: 0}
    - target: {fileID: 3711312470254498488, guid: a6b16b29ae4355d47a01bd01c2f3aa77, type: 3}
      propertyPath: m_AnchorMin.x
      value: 0
      objectReference: {fileID: 0}
    - target: {fileID: 3711312470254498488, guid: a6b16b29ae4355d47a01bd01c2f3aa77, type: 3}
      propertyPath: m_AnchorMin.y
      value: 0
      objectReference: {fileID: 0}
    - target: {fileID: 3711312470254498488, guid: a6b16b29ae4355d47a01bd01c2f3aa77, type: 3}
      propertyPath: m_SizeDelta.x
      value: 0
      objectReference: {fileID: 0}
    - target: {fileID: 3711312470254498488, guid: a6b16b29ae4355d47a01bd01c2f3aa77, type: 3}
      propertyPath: m_SizeDelta.y
      value: 0
      objectReference: {fileID: 0}
    - target: {fileID: 3711312470254498488, guid: a6b16b29ae4355d47a01bd01c2f3aa77, type: 3}
      propertyPath: m_LocalPosition.x
      value: 0
      objectReference: {fileID: 0}
    - target: {fileID: 3711312470254498488, guid: a6b16b29ae4355d47a01bd01c2f3aa77, type: 3}
      propertyPath: m_LocalPosition.y
      value: 0
      objectReference: {fileID: 0}
    - target: {fileID: 3711312470254498488, guid: a6b16b29ae4355d47a01bd01c2f3aa77, type: 3}
      propertyPath: m_LocalPosition.z
      value: 0
      objectReference: {fileID: 0}
    - target: {fileID: 3711312470254498488, guid: a6b16b29ae4355d47a01bd01c2f3aa77, type: 3}
      propertyPath: m_LocalRotation.w
      value: 1
      objectReference: {fileID: 0}
    - target: {fileID: 3711312470254498488, guid: a6b16b29ae4355d47a01bd01c2f3aa77, type: 3}
      propertyPath: m_LocalRotation.x
      value: -0
      objectReference: {fileID: 0}
    - target: {fileID: 3711312470254498488, guid: a6b16b29ae4355d47a01bd01c2f3aa77, type: 3}
      propertyPath: m_LocalRotation.y
      value: -0
      objectReference: {fileID: 0}
    - target: {fileID: 3711312470254498488, guid: a6b16b29ae4355d47a01bd01c2f3aa77, type: 3}
      propertyPath: m_LocalRotation.z
      value: -0
      objectReference: {fileID: 0}
    - target: {fileID: 3711312470254498488, guid: a6b16b29ae4355d47a01bd01c2f3aa77, type: 3}
      propertyPath: m_AnchoredPosition.x
      value: 0
      objectReference: {fileID: 0}
    - target: {fileID: 3711312470254498488, guid: a6b16b29ae4355d47a01bd01c2f3aa77, type: 3}
      propertyPath: m_AnchoredPosition.y
      value: 0
      objectReference: {fileID: 0}
    - target: {fileID: 3711312470254498488, guid: a6b16b29ae4355d47a01bd01c2f3aa77, type: 3}
      propertyPath: m_LocalEulerAnglesHint.x
      value: 0
      objectReference: {fileID: 0}
    - target: {fileID: 3711312470254498488, guid: a6b16b29ae4355d47a01bd01c2f3aa77, type: 3}
      propertyPath: m_LocalEulerAnglesHint.y
      value: 0
      objectReference: {fileID: 0}
    - target: {fileID: 3711312470254498488, guid: a6b16b29ae4355d47a01bd01c2f3aa77, type: 3}
      propertyPath: m_LocalEulerAnglesHint.z
      value: 0
      objectReference: {fileID: 0}
    - target: {fileID: 3711312470254498489, guid: a6b16b29ae4355d47a01bd01c2f3aa77, type: 3}
      propertyPath: m_Name
      value: Inventory Slot (4)
      objectReference: {fileID: 0}
    m_RemovedComponents: []
  m_SourcePrefab: {fileID: 100100000, guid: a6b16b29ae4355d47a01bd01c2f3aa77, type: 3}
--- !u!224 &679201155 stripped
RectTransform:
  m_CorrespondingSourceObject: {fileID: 3711312470254498488, guid: a6b16b29ae4355d47a01bd01c2f3aa77, type: 3}
  m_PrefabInstance: {fileID: 305365799}
  m_PrefabAsset: {fileID: 0}
--- !u!1 &719730159
GameObject:
  m_ObjectHideFlags: 0
  m_CorrespondingSourceObject: {fileID: 0}
  m_PrefabInstance: {fileID: 0}
  m_PrefabAsset: {fileID: 0}
  serializedVersion: 6
  m_Component:
  - component: {fileID: 719730160}
  - component: {fileID: 719730162}
  - component: {fileID: 719730161}
  - component: {fileID: 719730163}
  m_Layer: 0
  m_Name: Tilemap
  m_TagString: Untagged
  m_Icon: {fileID: 0}
  m_NavMeshLayer: 0
  m_StaticEditorFlags: 0
  m_IsActive: 1
--- !u!4 &719730160
Transform:
  m_ObjectHideFlags: 0
  m_CorrespondingSourceObject: {fileID: 0}
  m_PrefabInstance: {fileID: 0}
  m_PrefabAsset: {fileID: 0}
  m_GameObject: {fileID: 719730159}
  m_LocalRotation: {x: -0, y: -0, z: -0, w: 1}
  m_LocalPosition: {x: 0, y: 0, z: 0}
  m_LocalScale: {x: 1, y: 1, z: 1}
  m_Children: []
  m_Father: {fileID: 1246920841}
  m_RootOrder: 0
  m_LocalEulerAnglesHint: {x: 0, y: 0, z: 0}
--- !u!483693784 &719730161
TilemapRenderer:
  m_ObjectHideFlags: 0
  m_CorrespondingSourceObject: {fileID: 0}
  m_PrefabInstance: {fileID: 0}
  m_PrefabAsset: {fileID: 0}
  m_GameObject: {fileID: 719730159}
  m_Enabled: 1
  m_CastShadows: 0
  m_ReceiveShadows: 0
  m_DynamicOccludee: 1
  m_MotionVectors: 1
  m_LightProbeUsage: 0
  m_ReflectionProbeUsage: 0
  m_RayTracingMode: 0
  m_RayTraceProcedural: 0
  m_RenderingLayerMask: 1
  m_RendererPriority: 0
  m_Materials:
  - {fileID: 10754, guid: 0000000000000000f000000000000000, type: 0}
  m_StaticBatchInfo:
    firstSubMesh: 0
    subMeshCount: 0
  m_StaticBatchRoot: {fileID: 0}
  m_ProbeAnchor: {fileID: 0}
  m_LightProbeVolumeOverride: {fileID: 0}
  m_ScaleInLightmap: 1
  m_ReceiveGI: 1
  m_PreserveUVs: 0
  m_IgnoreNormalsForChartDetection: 0
  m_ImportantGI: 0
  m_StitchLightmapSeams: 1
  m_SelectedEditorRenderState: 0
  m_MinimumChartSize: 4
  m_AutoUVMaxDistance: 0.5
  m_AutoUVMaxAngle: 89
  m_LightmapParameters: {fileID: 0}
  m_SortingLayerID: 0
  m_SortingLayer: 0
  m_SortingOrder: 0
  m_ChunkSize: {x: 32, y: 32, z: 32}
  m_ChunkCullingBounds: {x: 0, y: 0, z: 0}
  m_MaxChunkCount: 16
  m_MaxFrameAge: 16
  m_SortOrder: 0
  m_Mode: 0
  m_DetectChunkCullingBounds: 0
  m_MaskInteraction: 0
--- !u!1839735485 &719730162
Tilemap:
  m_ObjectHideFlags: 0
  m_CorrespondingSourceObject: {fileID: 0}
  m_PrefabInstance: {fileID: 0}
  m_PrefabAsset: {fileID: 0}
  m_GameObject: {fileID: 719730159}
  m_Enabled: 1
  m_Tiles: {}
  m_AnimatedTiles: {}
  m_TileAssetArray:
  - m_RefCount: 0
    m_Data: {fileID: 0}
  m_TileSpriteArray:
  - m_RefCount: 0
    m_Data: {fileID: 0}
  - m_RefCount: 0
    m_Data: {fileID: 0}
  - m_RefCount: 0
    m_Data: {fileID: 0}
  - m_RefCount: 0
    m_Data: {fileID: 0}
  - m_RefCount: 0
    m_Data: {fileID: 0}
  - m_RefCount: 0
    m_Data: {fileID: 0}
  - m_RefCount: 0
    m_Data: {fileID: 0}
  - m_RefCount: 0
    m_Data: {fileID: 0}
  m_TileMatrixArray:
  - m_RefCount: 0
    m_Data:
      e00: 4e-45
      e01: 1.09904816e+27
      e02: 0
      e03: 7.2481728
      e10: 6.85e-43
      e11: 6.85e-43
      e12: 6.82e-43
      e13: 6.82e-43
      e20: -9.266532e-11
      e21: 0
      e22: 0.00013929373
      e23: 0
      e30: 6.84e-43
      e31: 0
      e32: 4.5904e-41
      e33: 0
  - m_RefCount: 0
    m_Data:
      e00: 4e-45
      e01: 1.09904816e+27
      e02: 0
      e03: 7.2526436
      e10: 6.85e-43
      e11: 6.85e-43
      e12: 6.82e-43
      e13: 6.82e-43
      e20: -9.266532e-11
      e21: 0
      e22: 0.00013929373
      e23: 0
      e30: 6.84e-43
      e31: 0
      e32: 4.5904e-41
      e33: 0
  - m_RefCount: 0
    m_Data:
      e00: -1.084227e-19
      e01: 0.000000027790378
      e02: 0.000000027788815
      e03: 0.000000027788815
      e10: 6.82e-43
      e11: 3.07e-43
      e12: 3.07e-43
      e13: 3.07e-43
      e20: 0.00013929373
      e21: 1.0995753e-19
      e22: 7.8129463
      e23: 1.0995753e-19
      e30: 4.5904e-41
      e31: 6.85e-43
      e32: 6.82e-43
      e33: 6.85e-43
  - m_RefCount: 0
    m_Data:
      e00: -1.084227e-19
      e01: 0.000000027790378
      e02: 0.000000027788815
      e03: 0.000000027788815
      e10: 6.82e-43
      e11: 3.07e-43
      e12: 3.07e-43
      e13: 3.07e-43
      e20: 0.00013929373
      e21: 1.0995753e-19
      e22: 7.251316
      e23: 1.0995753e-19
      e30: 4.5904e-41
      e31: 6.85e-43
      e32: 6.82e-43
      e33: 6.85e-43
  - m_RefCount: 0
    m_Data:
      e00: 0
      e01: 0.000000027790378
      e02: 0.000000027788815
      e03: 0.000000027788815
      e10: 0
      e11: 3.07e-43
      e12: 3.07e-43
      e13: 3.07e-43
      e20: 0.00013929373
      e21: 1.0995753e-19
      e22: 7.651081
      e23: 1.0995753e-19
      e30: 4.5904e-41
      e31: 6.85e-43
      e32: 6.82e-43
      e33: 6.85e-43
  - m_RefCount: 0
    m_Data:
      e00: 4e-45
      e01: 1.09904816e+27
      e02: 0
      e03: 7.651081
      e10: 6.85e-43
      e11: 6.85e-43
      e12: 6.82e-43
      e13: 6.82e-43
      e20: -9.266532e-11
      e21: 0
      e22: 0.00013929373
      e23: 0
      e30: 6.84e-43
      e31: 0
      e32: 4.5904e-41
      e33: 0
  m_TileColorArray:
  - m_RefCount: 0
    m_Data: {r: 1.0994802e-19, g: 1.0994802e-19, b: 1.0994802e-19, a: 1.0994802e-19}
  m_TileObjectToInstantiateArray:
  - m_RefCount: 0
    m_Data: {fileID: 0}
  m_AnimationFrameRate: 1
  m_Color: {r: 1, g: 1, b: 1, a: 1}
  m_Origin: {x: -3, y: -4, z: 0}
  m_Size: {x: 22, y: 20, z: 1}
  m_TileAnchor: {x: 0.5, y: 0.5, z: 0}
  m_TileOrientation: 0
  m_TileOrientationMatrix:
    e00: 1
    e01: 0
    e02: 0
    e03: 0
    e10: 0
    e11: 1
    e12: 0
    e13: 0
    e20: 0
    e21: 0
    e22: 1
    e23: 0
    e30: 0
    e31: 0
    e32: 0
    e33: 1
--- !u!114 &719730163
MonoBehaviour:
  m_ObjectHideFlags: 0
  m_CorrespondingSourceObject: {fileID: 0}
  m_PrefabInstance: {fileID: 0}
  m_PrefabAsset: {fileID: 0}
  m_GameObject: {fileID: 719730159}
  m_Enabled: 1
  m_EditorHideFlags: 0
  m_Script: {fileID: 11500000, guid: baf8b167bf98c9642913c02ac8d46b54, type: 3}
  m_Name: 
  m_EditorClassIdentifier: 
--- !u!1001 &752512563
PrefabInstance:
  m_ObjectHideFlags: 0
  serializedVersion: 2
  m_Modification:
    m_TransformParent: {fileID: 1900671666}
    m_Modifications:
    - target: {fileID: 3711312470254498488, guid: a6b16b29ae4355d47a01bd01c2f3aa77, type: 3}
      propertyPath: m_Pivot.x
      value: 0.5
      objectReference: {fileID: 0}
    - target: {fileID: 3711312470254498488, guid: a6b16b29ae4355d47a01bd01c2f3aa77, type: 3}
      propertyPath: m_Pivot.y
      value: 0.5
      objectReference: {fileID: 0}
    - target: {fileID: 3711312470254498488, guid: a6b16b29ae4355d47a01bd01c2f3aa77, type: 3}
      propertyPath: m_RootOrder
      value: 9
      objectReference: {fileID: 0}
    - target: {fileID: 3711312470254498488, guid: a6b16b29ae4355d47a01bd01c2f3aa77, type: 3}
      propertyPath: m_AnchorMax.x
      value: 0
      objectReference: {fileID: 0}
    - target: {fileID: 3711312470254498488, guid: a6b16b29ae4355d47a01bd01c2f3aa77, type: 3}
      propertyPath: m_AnchorMax.y
      value: 0
      objectReference: {fileID: 0}
    - target: {fileID: 3711312470254498488, guid: a6b16b29ae4355d47a01bd01c2f3aa77, type: 3}
      propertyPath: m_AnchorMin.x
      value: 0
      objectReference: {fileID: 0}
    - target: {fileID: 3711312470254498488, guid: a6b16b29ae4355d47a01bd01c2f3aa77, type: 3}
      propertyPath: m_AnchorMin.y
      value: 0
      objectReference: {fileID: 0}
    - target: {fileID: 3711312470254498488, guid: a6b16b29ae4355d47a01bd01c2f3aa77, type: 3}
      propertyPath: m_SizeDelta.x
      value: 0
      objectReference: {fileID: 0}
    - target: {fileID: 3711312470254498488, guid: a6b16b29ae4355d47a01bd01c2f3aa77, type: 3}
      propertyPath: m_SizeDelta.y
      value: 0
      objectReference: {fileID: 0}
    - target: {fileID: 3711312470254498488, guid: a6b16b29ae4355d47a01bd01c2f3aa77, type: 3}
      propertyPath: m_LocalPosition.x
      value: 0
      objectReference: {fileID: 0}
    - target: {fileID: 3711312470254498488, guid: a6b16b29ae4355d47a01bd01c2f3aa77, type: 3}
      propertyPath: m_LocalPosition.y
      value: 0
      objectReference: {fileID: 0}
    - target: {fileID: 3711312470254498488, guid: a6b16b29ae4355d47a01bd01c2f3aa77, type: 3}
      propertyPath: m_LocalPosition.z
      value: 0
      objectReference: {fileID: 0}
    - target: {fileID: 3711312470254498488, guid: a6b16b29ae4355d47a01bd01c2f3aa77, type: 3}
      propertyPath: m_LocalRotation.w
      value: 1
      objectReference: {fileID: 0}
    - target: {fileID: 3711312470254498488, guid: a6b16b29ae4355d47a01bd01c2f3aa77, type: 3}
      propertyPath: m_LocalRotation.x
      value: -0
      objectReference: {fileID: 0}
    - target: {fileID: 3711312470254498488, guid: a6b16b29ae4355d47a01bd01c2f3aa77, type: 3}
      propertyPath: m_LocalRotation.y
      value: -0
      objectReference: {fileID: 0}
    - target: {fileID: 3711312470254498488, guid: a6b16b29ae4355d47a01bd01c2f3aa77, type: 3}
      propertyPath: m_LocalRotation.z
      value: -0
      objectReference: {fileID: 0}
    - target: {fileID: 3711312470254498488, guid: a6b16b29ae4355d47a01bd01c2f3aa77, type: 3}
      propertyPath: m_AnchoredPosition.x
      value: 0
      objectReference: {fileID: 0}
    - target: {fileID: 3711312470254498488, guid: a6b16b29ae4355d47a01bd01c2f3aa77, type: 3}
      propertyPath: m_AnchoredPosition.y
      value: 0
      objectReference: {fileID: 0}
    - target: {fileID: 3711312470254498488, guid: a6b16b29ae4355d47a01bd01c2f3aa77, type: 3}
      propertyPath: m_LocalEulerAnglesHint.x
      value: 0
      objectReference: {fileID: 0}
    - target: {fileID: 3711312470254498488, guid: a6b16b29ae4355d47a01bd01c2f3aa77, type: 3}
      propertyPath: m_LocalEulerAnglesHint.y
      value: 0
      objectReference: {fileID: 0}
    - target: {fileID: 3711312470254498488, guid: a6b16b29ae4355d47a01bd01c2f3aa77, type: 3}
      propertyPath: m_LocalEulerAnglesHint.z
      value: 0
      objectReference: {fileID: 0}
    - target: {fileID: 3711312470254498489, guid: a6b16b29ae4355d47a01bd01c2f3aa77, type: 3}
      propertyPath: m_Name
      value: Inventory Slot (9)
      objectReference: {fileID: 0}
    m_RemovedComponents: []
  m_SourcePrefab: {fileID: 100100000, guid: a6b16b29ae4355d47a01bd01c2f3aa77, type: 3}
--- !u!1 &782543021
GameObject:
  m_ObjectHideFlags: 0
  m_CorrespondingSourceObject: {fileID: 0}
  m_PrefabInstance: {fileID: 0}
  m_PrefabAsset: {fileID: 0}
  serializedVersion: 6
  m_Component:
  - component: {fileID: 782543023}
  - component: {fileID: 782543022}
  m_Layer: 0
  m_Name: MapGenerator
  m_TagString: Untagged
  m_Icon: {fileID: 0}
  m_NavMeshLayer: 0
  m_StaticEditorFlags: 0
  m_IsActive: 0
--- !u!114 &782543022
MonoBehaviour:
  m_ObjectHideFlags: 0
  m_CorrespondingSourceObject: {fileID: 0}
  m_PrefabInstance: {fileID: 0}
  m_PrefabAsset: {fileID: 0}
  m_GameObject: {fileID: 782543021}
  m_Enabled: 1
  m_EditorHideFlags: 0
  m_Script: {fileID: 11500000, guid: 2c504d7cc80f0964baf7eeb5f63d0311, type: 3}
  m_Name: 
  m_EditorClassIdentifier: 
  prefabWater: {fileID: 6909827520154704919, guid: 8b390186510d9b844b44d0e17946c93a, type: 3}
  prefabGrass: {fileID: 5179594605645605203, guid: 341e7c219ca09794fbcb49a05e4a2ccc, type: 3}
  prefabRocks: {fileID: 483274121346232851, guid: 879e56b7b1eef474b9d0ce301899393f, type: 3}
  zoomLevel: 4
  xOffset: -354
  yOffset: 382
--- !u!4 &782543023
Transform:
  m_ObjectHideFlags: 0
  m_CorrespondingSourceObject: {fileID: 0}
  m_PrefabInstance: {fileID: 0}
  m_PrefabAsset: {fileID: 0}
  m_GameObject: {fileID: 782543021}
  m_LocalRotation: {x: 0, y: 0, z: 0, w: 1}
  m_LocalPosition: {x: 0, y: 0, z: 0}
  m_LocalScale: {x: 1, y: 1, z: 1}
  m_Children: []
  m_Father: {fileID: 0}
  m_RootOrder: 3
  m_LocalEulerAnglesHint: {x: 0, y: 0, z: 0}
--- !u!224 &831841542 stripped
RectTransform:
  m_CorrespondingSourceObject: {fileID: 3711312470254498488, guid: a6b16b29ae4355d47a01bd01c2f3aa77, type: 3}
  m_PrefabInstance: {fileID: 752512563}
  m_PrefabAsset: {fileID: 0}
--- !u!1001 &860358718
PrefabInstance:
  m_ObjectHideFlags: 0
  serializedVersion: 2
  m_Modification:
    m_TransformParent: {fileID: 1900671666}
    m_Modifications:
    - target: {fileID: 3711312470254498488, guid: a6b16b29ae4355d47a01bd01c2f3aa77, type: 3}
      propertyPath: m_Pivot.x
      value: 0.5
      objectReference: {fileID: 0}
    - target: {fileID: 3711312470254498488, guid: a6b16b29ae4355d47a01bd01c2f3aa77, type: 3}
      propertyPath: m_Pivot.y
      value: 0.5
      objectReference: {fileID: 0}
    - target: {fileID: 3711312470254498488, guid: a6b16b29ae4355d47a01bd01c2f3aa77, type: 3}
      propertyPath: m_RootOrder
      value: 2
      objectReference: {fileID: 0}
    - target: {fileID: 3711312470254498488, guid: a6b16b29ae4355d47a01bd01c2f3aa77, type: 3}
      propertyPath: m_AnchorMax.x
      value: 0
      objectReference: {fileID: 0}
    - target: {fileID: 3711312470254498488, guid: a6b16b29ae4355d47a01bd01c2f3aa77, type: 3}
      propertyPath: m_AnchorMax.y
      value: 0
      objectReference: {fileID: 0}
    - target: {fileID: 3711312470254498488, guid: a6b16b29ae4355d47a01bd01c2f3aa77, type: 3}
      propertyPath: m_AnchorMin.x
      value: 0
      objectReference: {fileID: 0}
    - target: {fileID: 3711312470254498488, guid: a6b16b29ae4355d47a01bd01c2f3aa77, type: 3}
      propertyPath: m_AnchorMin.y
      value: 0
      objectReference: {fileID: 0}
    - target: {fileID: 3711312470254498488, guid: a6b16b29ae4355d47a01bd01c2f3aa77, type: 3}
      propertyPath: m_SizeDelta.x
      value: 0
      objectReference: {fileID: 0}
    - target: {fileID: 3711312470254498488, guid: a6b16b29ae4355d47a01bd01c2f3aa77, type: 3}
      propertyPath: m_SizeDelta.y
      value: 0
      objectReference: {fileID: 0}
    - target: {fileID: 3711312470254498488, guid: a6b16b29ae4355d47a01bd01c2f3aa77, type: 3}
      propertyPath: m_LocalPosition.x
      value: 0
      objectReference: {fileID: 0}
    - target: {fileID: 3711312470254498488, guid: a6b16b29ae4355d47a01bd01c2f3aa77, type: 3}
      propertyPath: m_LocalPosition.y
      value: 0
      objectReference: {fileID: 0}
    - target: {fileID: 3711312470254498488, guid: a6b16b29ae4355d47a01bd01c2f3aa77, type: 3}
      propertyPath: m_LocalPosition.z
      value: 0
      objectReference: {fileID: 0}
    - target: {fileID: 3711312470254498488, guid: a6b16b29ae4355d47a01bd01c2f3aa77, type: 3}
      propertyPath: m_LocalRotation.w
      value: 1
      objectReference: {fileID: 0}
    - target: {fileID: 3711312470254498488, guid: a6b16b29ae4355d47a01bd01c2f3aa77, type: 3}
      propertyPath: m_LocalRotation.x
      value: -0
      objectReference: {fileID: 0}
    - target: {fileID: 3711312470254498488, guid: a6b16b29ae4355d47a01bd01c2f3aa77, type: 3}
      propertyPath: m_LocalRotation.y
      value: -0
      objectReference: {fileID: 0}
    - target: {fileID: 3711312470254498488, guid: a6b16b29ae4355d47a01bd01c2f3aa77, type: 3}
      propertyPath: m_LocalRotation.z
      value: -0
      objectReference: {fileID: 0}
    - target: {fileID: 3711312470254498488, guid: a6b16b29ae4355d47a01bd01c2f3aa77, type: 3}
      propertyPath: m_AnchoredPosition.x
      value: 0
      objectReference: {fileID: 0}
    - target: {fileID: 3711312470254498488, guid: a6b16b29ae4355d47a01bd01c2f3aa77, type: 3}
      propertyPath: m_AnchoredPosition.y
      value: 0
      objectReference: {fileID: 0}
    - target: {fileID: 3711312470254498488, guid: a6b16b29ae4355d47a01bd01c2f3aa77, type: 3}
      propertyPath: m_LocalEulerAnglesHint.x
      value: 0
      objectReference: {fileID: 0}
    - target: {fileID: 3711312470254498488, guid: a6b16b29ae4355d47a01bd01c2f3aa77, type: 3}
      propertyPath: m_LocalEulerAnglesHint.y
      value: 0
      objectReference: {fileID: 0}
    - target: {fileID: 3711312470254498488, guid: a6b16b29ae4355d47a01bd01c2f3aa77, type: 3}
      propertyPath: m_LocalEulerAnglesHint.z
      value: 0
      objectReference: {fileID: 0}
    - target: {fileID: 3711312470254498489, guid: a6b16b29ae4355d47a01bd01c2f3aa77, type: 3}
      propertyPath: m_Name
      value: Inventory Slot (2)
      objectReference: {fileID: 0}
    m_RemovedComponents: []
  m_SourcePrefab: {fileID: 100100000, guid: a6b16b29ae4355d47a01bd01c2f3aa77, type: 3}
--- !u!1 &924291663
GameObject:
  m_ObjectHideFlags: 0
  m_CorrespondingSourceObject: {fileID: 0}
  m_PrefabInstance: {fileID: 0}
  m_PrefabAsset: {fileID: 0}
  serializedVersion: 6
  m_Component:
  - component: {fileID: 924291664}
  - component: {fileID: 924291665}
  m_Layer: 5
  m_Name: Inventory
  m_TagString: Untagged
  m_Icon: {fileID: 0}
  m_NavMeshLayer: 0
  m_StaticEditorFlags: 0
  m_IsActive: 1
--- !u!224 &924291664
RectTransform:
  m_ObjectHideFlags: 0
  m_CorrespondingSourceObject: {fileID: 0}
  m_PrefabInstance: {fileID: 0}
  m_PrefabAsset: {fileID: 0}
  m_GameObject: {fileID: 924291663}
  m_LocalRotation: {x: 0, y: 0, z: 0, w: 1}
  m_LocalPosition: {x: 0, y: 0, z: 0}
  m_LocalScale: {x: 1, y: 1, z: 1}
  m_Children:
  - {fileID: 1663062869}
  - {fileID: 1900671666}
  m_Father: {fileID: 1852831283}
  m_RootOrder: 0
  m_LocalEulerAnglesHint: {x: 0, y: 0, z: 0}
  m_AnchorMin: {x: 1, y: 0}
  m_AnchorMax: {x: 1, y: 0}
  m_AnchoredPosition: {x: -77.104, y: 110.92}
  m_SizeDelta: {x: 154.2079, y: 214.1557}
  m_Pivot: {x: 0.5, y: 0.5}
--- !u!222 &924291665
CanvasRenderer:
  m_ObjectHideFlags: 0
  m_CorrespondingSourceObject: {fileID: 0}
  m_PrefabInstance: {fileID: 0}
  m_PrefabAsset: {fileID: 0}
  m_GameObject: {fileID: 924291663}
  m_CullTransparentMesh: 1
--- !u!224 &1056678707 stripped
RectTransform:
  m_CorrespondingSourceObject: {fileID: 3711312470254498488, guid: a6b16b29ae4355d47a01bd01c2f3aa77, type: 3}
  m_PrefabInstance: {fileID: 3711312469197885835}
  m_PrefabAsset: {fileID: 0}
--- !u!224 &1060462211 stripped
RectTransform:
  m_CorrespondingSourceObject: {fileID: 3711312470254498488, guid: a6b16b29ae4355d47a01bd01c2f3aa77, type: 3}
  m_PrefabInstance: {fileID: 1160522979}
  m_PrefabAsset: {fileID: 0}
--- !u!1001 &1160522979
PrefabInstance:
  m_ObjectHideFlags: 0
  serializedVersion: 2
  m_Modification:
    m_TransformParent: {fileID: 1900671666}
    m_Modifications:
    - target: {fileID: 3711312470254498488, guid: a6b16b29ae4355d47a01bd01c2f3aa77, type: 3}
      propertyPath: m_Pivot.x
      value: 0.5
      objectReference: {fileID: 0}
    - target: {fileID: 3711312470254498488, guid: a6b16b29ae4355d47a01bd01c2f3aa77, type: 3}
      propertyPath: m_Pivot.y
      value: 0.5
      objectReference: {fileID: 0}
    - target: {fileID: 3711312470254498488, guid: a6b16b29ae4355d47a01bd01c2f3aa77, type: 3}
      propertyPath: m_RootOrder
      value: 5
      objectReference: {fileID: 0}
    - target: {fileID: 3711312470254498488, guid: a6b16b29ae4355d47a01bd01c2f3aa77, type: 3}
      propertyPath: m_AnchorMax.x
      value: 0
      objectReference: {fileID: 0}
    - target: {fileID: 3711312470254498488, guid: a6b16b29ae4355d47a01bd01c2f3aa77, type: 3}
      propertyPath: m_AnchorMax.y
      value: 0
      objectReference: {fileID: 0}
    - target: {fileID: 3711312470254498488, guid: a6b16b29ae4355d47a01bd01c2f3aa77, type: 3}
      propertyPath: m_AnchorMin.x
      value: 0
      objectReference: {fileID: 0}
    - target: {fileID: 3711312470254498488, guid: a6b16b29ae4355d47a01bd01c2f3aa77, type: 3}
      propertyPath: m_AnchorMin.y
      value: 0
      objectReference: {fileID: 0}
    - target: {fileID: 3711312470254498488, guid: a6b16b29ae4355d47a01bd01c2f3aa77, type: 3}
      propertyPath: m_SizeDelta.x
      value: 0
      objectReference: {fileID: 0}
    - target: {fileID: 3711312470254498488, guid: a6b16b29ae4355d47a01bd01c2f3aa77, type: 3}
      propertyPath: m_SizeDelta.y
      value: 0
      objectReference: {fileID: 0}
    - target: {fileID: 3711312470254498488, guid: a6b16b29ae4355d47a01bd01c2f3aa77, type: 3}
      propertyPath: m_LocalPosition.x
      value: 0
      objectReference: {fileID: 0}
    - target: {fileID: 3711312470254498488, guid: a6b16b29ae4355d47a01bd01c2f3aa77, type: 3}
      propertyPath: m_LocalPosition.y
      value: 0
      objectReference: {fileID: 0}
    - target: {fileID: 3711312470254498488, guid: a6b16b29ae4355d47a01bd01c2f3aa77, type: 3}
      propertyPath: m_LocalPosition.z
      value: 0
      objectReference: {fileID: 0}
    - target: {fileID: 3711312470254498488, guid: a6b16b29ae4355d47a01bd01c2f3aa77, type: 3}
      propertyPath: m_LocalRotation.w
      value: 1
      objectReference: {fileID: 0}
    - target: {fileID: 3711312470254498488, guid: a6b16b29ae4355d47a01bd01c2f3aa77, type: 3}
      propertyPath: m_LocalRotation.x
      value: -0
      objectReference: {fileID: 0}
    - target: {fileID: 3711312470254498488, guid: a6b16b29ae4355d47a01bd01c2f3aa77, type: 3}
      propertyPath: m_LocalRotation.y
      value: -0
      objectReference: {fileID: 0}
    - target: {fileID: 3711312470254498488, guid: a6b16b29ae4355d47a01bd01c2f3aa77, type: 3}
      propertyPath: m_LocalRotation.z
      value: -0
      objectReference: {fileID: 0}
    - target: {fileID: 3711312470254498488, guid: a6b16b29ae4355d47a01bd01c2f3aa77, type: 3}
      propertyPath: m_AnchoredPosition.x
      value: 0
      objectReference: {fileID: 0}
    - target: {fileID: 3711312470254498488, guid: a6b16b29ae4355d47a01bd01c2f3aa77, type: 3}
      propertyPath: m_AnchoredPosition.y
      value: 0
      objectReference: {fileID: 0}
    - target: {fileID: 3711312470254498488, guid: a6b16b29ae4355d47a01bd01c2f3aa77, type: 3}
      propertyPath: m_LocalEulerAnglesHint.x
      value: 0
      objectReference: {fileID: 0}
    - target: {fileID: 3711312470254498488, guid: a6b16b29ae4355d47a01bd01c2f3aa77, type: 3}
      propertyPath: m_LocalEulerAnglesHint.y
      value: 0
      objectReference: {fileID: 0}
    - target: {fileID: 3711312470254498488, guid: a6b16b29ae4355d47a01bd01c2f3aa77, type: 3}
      propertyPath: m_LocalEulerAnglesHint.z
      value: 0
      objectReference: {fileID: 0}
    - target: {fileID: 3711312470254498489, guid: a6b16b29ae4355d47a01bd01c2f3aa77, type: 3}
      propertyPath: m_Name
      value: Inventory Slot (5)
      objectReference: {fileID: 0}
    m_RemovedComponents: []
  m_SourcePrefab: {fileID: 100100000, guid: a6b16b29ae4355d47a01bd01c2f3aa77, type: 3}
--- !u!1 &1246920839
GameObject:
  m_ObjectHideFlags: 0
  m_CorrespondingSourceObject: {fileID: 0}
  m_PrefabInstance: {fileID: 0}
  m_PrefabAsset: {fileID: 0}
  serializedVersion: 6
  m_Component:
  - component: {fileID: 1246920841}
  - component: {fileID: 1246920840}
  m_Layer: 0
  m_Name: Grid
  m_TagString: Untagged
  m_Icon: {fileID: 0}
  m_NavMeshLayer: 0
  m_StaticEditorFlags: 0
  m_IsActive: 1
--- !u!156049354 &1246920840
Grid:
  m_ObjectHideFlags: 0
  m_CorrespondingSourceObject: {fileID: 0}
  m_PrefabInstance: {fileID: 0}
  m_PrefabAsset: {fileID: 0}
  m_GameObject: {fileID: 1246920839}
  m_Enabled: 1
  m_CellSize: {x: 1, y: 1, z: 0}
  m_CellGap: {x: 0, y: 0, z: 0}
  m_CellLayout: 0
  m_CellSwizzle: 0
--- !u!4 &1246920841
Transform:
  m_ObjectHideFlags: 0
  m_CorrespondingSourceObject: {fileID: 0}
  m_PrefabInstance: {fileID: 0}
  m_PrefabAsset: {fileID: 0}
  m_GameObject: {fileID: 1246920839}
  m_LocalRotation: {x: 0, y: 0, z: 0, w: 1}
  m_LocalPosition: {x: 0, y: 0, z: 0}
  m_LocalScale: {x: 1, y: 1, z: 1}
  m_Children:
  - {fileID: 719730160}
  m_Father: {fileID: 0}
  m_RootOrder: 5
  m_LocalEulerAnglesHint: {x: 0, y: 0, z: 0}
--- !u!1 &1284284900
GameObject:
  m_ObjectHideFlags: 0
  m_CorrespondingSourceObject: {fileID: 0}
  m_PrefabInstance: {fileID: 0}
  m_PrefabAsset: {fileID: 0}
  serializedVersion: 6
  m_Component:
  - component: {fileID: 1284284901}
  m_Layer: 0
  m_Name: Enemies
  m_TagString: Untagged
  m_Icon: {fileID: 0}
  m_NavMeshLayer: 0
  m_StaticEditorFlags: 0
  m_IsActive: 1
--- !u!4 &1284284901
Transform:
  m_ObjectHideFlags: 0
  m_CorrespondingSourceObject: {fileID: 0}
  m_PrefabInstance: {fileID: 0}
  m_PrefabAsset: {fileID: 0}
  m_GameObject: {fileID: 1284284900}
  m_LocalRotation: {x: 0, y: 0, z: 0, w: 1}
  m_LocalPosition: {x: 0, y: 0, z: 0}
  m_LocalScale: {x: 1, y: 1, z: 1}
  m_Children: []
  m_Father: {fileID: 0}
  m_RootOrder: 6
  m_LocalEulerAnglesHint: {x: 0, y: 0, z: 0}
--- !u!224 &1322679074 stripped
RectTransform:
  m_CorrespondingSourceObject: {fileID: 3711312470254498488, guid: a6b16b29ae4355d47a01bd01c2f3aa77, type: 3}
  m_PrefabInstance: {fileID: 1661633762}
  m_PrefabAsset: {fileID: 0}
--- !u!224 &1442499598 stripped
RectTransform:
  m_CorrespondingSourceObject: {fileID: 3711312470254498488, guid: a6b16b29ae4355d47a01bd01c2f3aa77, type: 3}
  m_PrefabInstance: {fileID: 1815048495}
  m_PrefabAsset: {fileID: 0}
--- !u!1 &1496018415
GameObject:
  m_ObjectHideFlags: 0
  m_CorrespondingSourceObject: {fileID: 0}
  m_PrefabInstance: {fileID: 0}
  m_PrefabAsset: {fileID: 0}
  serializedVersion: 6
  m_Component:
  - component: {fileID: 1496018418}
  - component: {fileID: 1496018417}
  - component: {fileID: 1496018416}
  m_Layer: 0
  m_Name: EventSystem
  m_TagString: Untagged
  m_Icon: {fileID: 0}
  m_NavMeshLayer: 0
  m_StaticEditorFlags: 0
  m_IsActive: 1
--- !u!114 &1496018416
MonoBehaviour:
  m_ObjectHideFlags: 0
  m_CorrespondingSourceObject: {fileID: 0}
  m_PrefabInstance: {fileID: 0}
  m_PrefabAsset: {fileID: 0}
  m_GameObject: {fileID: 1496018415}
  m_Enabled: 1
  m_EditorHideFlags: 0
  m_Script: {fileID: 11500000, guid: 4f231c4fb786f3946a6b90b886c48677, type: 3}
  m_Name: 
  m_EditorClassIdentifier: 
  m_HorizontalAxis: Horizontal
  m_VerticalAxis: Vertical
  m_SubmitButton: Submit
  m_CancelButton: Cancel
  m_InputActionsPerSecond: 10
  m_RepeatDelay: 0.5
  m_ForceModuleActive: 0
--- !u!114 &1496018417
MonoBehaviour:
  m_ObjectHideFlags: 0
  m_CorrespondingSourceObject: {fileID: 0}
  m_PrefabInstance: {fileID: 0}
  m_PrefabAsset: {fileID: 0}
  m_GameObject: {fileID: 1496018415}
  m_Enabled: 1
  m_EditorHideFlags: 0
  m_Script: {fileID: 11500000, guid: 76c392e42b5098c458856cdf6ecaaaa1, type: 3}
  m_Name: 
  m_EditorClassIdentifier: 
  m_FirstSelected: {fileID: 0}
  m_sendNavigationEvents: 1
  m_DragThreshold: 10
--- !u!4 &1496018418
Transform:
  m_ObjectHideFlags: 0
  m_CorrespondingSourceObject: {fileID: 0}
  m_PrefabInstance: {fileID: 0}
  m_PrefabAsset: {fileID: 0}
  m_GameObject: {fileID: 1496018415}
  m_LocalRotation: {x: 0, y: 0, z: 0, w: 1}
  m_LocalPosition: {x: 0, y: 0, z: 0}
  m_LocalScale: {x: 1, y: 1, z: 1}
  m_Children: []
  m_Father: {fileID: 0}
  m_RootOrder: 7
  m_LocalEulerAnglesHint: {x: 0, y: 0, z: 0}
--- !u!1001 &1661633762
PrefabInstance:
  m_ObjectHideFlags: 0
  serializedVersion: 2
  m_Modification:
    m_TransformParent: {fileID: 1900671666}
    m_Modifications:
    - target: {fileID: 3711312470254498488, guid: a6b16b29ae4355d47a01bd01c2f3aa77, type: 3}
      propertyPath: m_Pivot.x
      value: 0.5
      objectReference: {fileID: 0}
    - target: {fileID: 3711312470254498488, guid: a6b16b29ae4355d47a01bd01c2f3aa77, type: 3}
      propertyPath: m_Pivot.y
      value: 0.5
      objectReference: {fileID: 0}
    - target: {fileID: 3711312470254498488, guid: a6b16b29ae4355d47a01bd01c2f3aa77, type: 3}
      propertyPath: m_RootOrder
      value: 8
      objectReference: {fileID: 0}
    - target: {fileID: 3711312470254498488, guid: a6b16b29ae4355d47a01bd01c2f3aa77, type: 3}
      propertyPath: m_AnchorMax.x
      value: 0
      objectReference: {fileID: 0}
    - target: {fileID: 3711312470254498488, guid: a6b16b29ae4355d47a01bd01c2f3aa77, type: 3}
      propertyPath: m_AnchorMax.y
      value: 0
      objectReference: {fileID: 0}
    - target: {fileID: 3711312470254498488, guid: a6b16b29ae4355d47a01bd01c2f3aa77, type: 3}
      propertyPath: m_AnchorMin.x
      value: 0
      objectReference: {fileID: 0}
    - target: {fileID: 3711312470254498488, guid: a6b16b29ae4355d47a01bd01c2f3aa77, type: 3}
      propertyPath: m_AnchorMin.y
      value: 0
      objectReference: {fileID: 0}
    - target: {fileID: 3711312470254498488, guid: a6b16b29ae4355d47a01bd01c2f3aa77, type: 3}
      propertyPath: m_SizeDelta.x
      value: 0
      objectReference: {fileID: 0}
    - target: {fileID: 3711312470254498488, guid: a6b16b29ae4355d47a01bd01c2f3aa77, type: 3}
      propertyPath: m_SizeDelta.y
      value: 0
      objectReference: {fileID: 0}
    - target: {fileID: 3711312470254498488, guid: a6b16b29ae4355d47a01bd01c2f3aa77, type: 3}
      propertyPath: m_LocalPosition.x
      value: 0
      objectReference: {fileID: 0}
    - target: {fileID: 3711312470254498488, guid: a6b16b29ae4355d47a01bd01c2f3aa77, type: 3}
      propertyPath: m_LocalPosition.y
      value: 0
      objectReference: {fileID: 0}
    - target: {fileID: 3711312470254498488, guid: a6b16b29ae4355d47a01bd01c2f3aa77, type: 3}
      propertyPath: m_LocalPosition.z
      value: 0
      objectReference: {fileID: 0}
    - target: {fileID: 3711312470254498488, guid: a6b16b29ae4355d47a01bd01c2f3aa77, type: 3}
      propertyPath: m_LocalRotation.w
      value: 1
      objectReference: {fileID: 0}
    - target: {fileID: 3711312470254498488, guid: a6b16b29ae4355d47a01bd01c2f3aa77, type: 3}
      propertyPath: m_LocalRotation.x
      value: -0
      objectReference: {fileID: 0}
    - target: {fileID: 3711312470254498488, guid: a6b16b29ae4355d47a01bd01c2f3aa77, type: 3}
      propertyPath: m_LocalRotation.y
      value: -0
      objectReference: {fileID: 0}
    - target: {fileID: 3711312470254498488, guid: a6b16b29ae4355d47a01bd01c2f3aa77, type: 3}
      propertyPath: m_LocalRotation.z
      value: -0
      objectReference: {fileID: 0}
    - target: {fileID: 3711312470254498488, guid: a6b16b29ae4355d47a01bd01c2f3aa77, type: 3}
      propertyPath: m_AnchoredPosition.x
      value: 0
      objectReference: {fileID: 0}
    - target: {fileID: 3711312470254498488, guid: a6b16b29ae4355d47a01bd01c2f3aa77, type: 3}
      propertyPath: m_AnchoredPosition.y
      value: 0
      objectReference: {fileID: 0}
    - target: {fileID: 3711312470254498488, guid: a6b16b29ae4355d47a01bd01c2f3aa77, type: 3}
      propertyPath: m_LocalEulerAnglesHint.x
      value: 0
      objectReference: {fileID: 0}
    - target: {fileID: 3711312470254498488, guid: a6b16b29ae4355d47a01bd01c2f3aa77, type: 3}
      propertyPath: m_LocalEulerAnglesHint.y
      value: 0
      objectReference: {fileID: 0}
    - target: {fileID: 3711312470254498488, guid: a6b16b29ae4355d47a01bd01c2f3aa77, type: 3}
      propertyPath: m_LocalEulerAnglesHint.z
      value: 0
      objectReference: {fileID: 0}
    - target: {fileID: 3711312470254498489, guid: a6b16b29ae4355d47a01bd01c2f3aa77, type: 3}
      propertyPath: m_Name
      value: Inventory Slot (8)
      objectReference: {fileID: 0}
    m_RemovedComponents: []
  m_SourcePrefab: {fileID: 100100000, guid: a6b16b29ae4355d47a01bd01c2f3aa77, type: 3}
--- !u!1 &1663062868
GameObject:
  m_ObjectHideFlags: 0
  m_CorrespondingSourceObject: {fileID: 0}
  m_PrefabInstance: {fileID: 0}
  m_PrefabAsset: {fileID: 0}
  serializedVersion: 6
  m_Component:
  - component: {fileID: 1663062869}
  - component: {fileID: 1663062871}
  - component: {fileID: 1663062870}
  m_Layer: 5
  m_Name: Title
  m_TagString: Untagged
  m_Icon: {fileID: 0}
  m_NavMeshLayer: 0
  m_StaticEditorFlags: 0
  m_IsActive: 1
--- !u!224 &1663062869
RectTransform:
  m_ObjectHideFlags: 0
  m_CorrespondingSourceObject: {fileID: 0}
  m_PrefabInstance: {fileID: 0}
  m_PrefabAsset: {fileID: 0}
  m_GameObject: {fileID: 1663062868}
  m_LocalRotation: {x: -0, y: -0, z: -0, w: 1}
  m_LocalPosition: {x: 0, y: 0, z: 0}
  m_LocalScale: {x: 1, y: 1, z: 1}
  m_Children:
  - {fileID: 510490408}
  m_Father: {fileID: 924291664}
  m_RootOrder: 0
  m_LocalEulerAnglesHint: {x: 0, y: 0, z: 0}
  m_AnchorMin: {x: 0, y: 0}
  m_AnchorMax: {x: 1, y: 1}
  m_AnchoredPosition: {x: 0, y: 121.31441}
  m_SizeDelta: {x: -94.1452, y: -191.2492}
  m_Pivot: {x: 0.5, y: 0.5}
--- !u!114 &1663062870
MonoBehaviour:
  m_ObjectHideFlags: 0
  m_CorrespondingSourceObject: {fileID: 0}
  m_PrefabInstance: {fileID: 0}
  m_PrefabAsset: {fileID: 0}
  m_GameObject: {fileID: 1663062868}
  m_Enabled: 1
  m_EditorHideFlags: 0
  m_Script: {fileID: 11500000, guid: fe87c0e1cc204ed48ad3b37840f39efc, type: 3}
  m_Name: 
  m_EditorClassIdentifier: 
  m_Material: {fileID: 0}
  m_Color: {r: 1, g: 1, b: 1, a: 1}
  m_RaycastTarget: 1
  m_RaycastPadding: {x: 0, y: 0, z: 0, w: 0}
  m_Maskable: 1
  m_OnCullStateChanged:
    m_PersistentCalls:
      m_Calls: []
  m_Sprite: {fileID: 21300000, guid: 8c8d986079417534f9f57a083e4c4301, type: 3}
  m_Type: 1
  m_PreserveAspect: 0
  m_FillCenter: 1
  m_FillMethod: 4
  m_FillAmount: 1
  m_FillClockwise: 1
  m_FillOrigin: 0
  m_UseSpriteMesh: 0
  m_PixelsPerUnitMultiplier: 1
--- !u!222 &1663062871
CanvasRenderer:
  m_ObjectHideFlags: 0
  m_CorrespondingSourceObject: {fileID: 0}
  m_PrefabInstance: {fileID: 0}
  m_PrefabAsset: {fileID: 0}
  m_GameObject: {fileID: 1663062868}
  m_CullTransparentMesh: 1
--- !u!224 &1738314139 stripped
RectTransform:
  m_CorrespondingSourceObject: {fileID: 3711312470254498488, guid: a6b16b29ae4355d47a01bd01c2f3aa77, type: 3}
  m_PrefabInstance: {fileID: 657522669}
  m_PrefabAsset: {fileID: 0}
--- !u!1 &1758895616
GameObject:
  m_ObjectHideFlags: 0
  m_CorrespondingSourceObject: {fileID: 0}
  m_PrefabInstance: {fileID: 0}
  m_PrefabAsset: {fileID: 0}
  serializedVersion: 6
  m_Component:
  - component: {fileID: 1758895617}
  m_Layer: 0
  m_Name: Testing
  m_TagString: Untagged
  m_Icon: {fileID: 0}
  m_NavMeshLayer: 0
  m_StaticEditorFlags: 0
  m_IsActive: 1
--- !u!4 &1758895617
Transform:
  m_ObjectHideFlags: 0
  m_CorrespondingSourceObject: {fileID: 0}
  m_PrefabInstance: {fileID: 0}
  m_PrefabAsset: {fileID: 0}
  m_GameObject: {fileID: 1758895616}
  m_LocalRotation: {x: 0, y: 0, z: 0, w: 1}
  m_LocalPosition: {x: 39.613506, y: 7.5500464, z: -5.8991075}
  m_LocalScale: {x: 1, y: 1, z: 1}
  m_Children: []
  m_Father: {fileID: 0}
  m_RootOrder: 4
  m_LocalEulerAnglesHint: {x: 0, y: 0, z: 0}
--- !u!1001 &1815048495
PrefabInstance:
  m_ObjectHideFlags: 0
  serializedVersion: 2
  m_Modification:
    m_TransformParent: {fileID: 1900671666}
    m_Modifications:
    - target: {fileID: 3711312470254498488, guid: a6b16b29ae4355d47a01bd01c2f3aa77, type: 3}
      propertyPath: m_Pivot.x
      value: 0.5
      objectReference: {fileID: 0}
    - target: {fileID: 3711312470254498488, guid: a6b16b29ae4355d47a01bd01c2f3aa77, type: 3}
      propertyPath: m_Pivot.y
      value: 0.5
      objectReference: {fileID: 0}
    - target: {fileID: 3711312470254498488, guid: a6b16b29ae4355d47a01bd01c2f3aa77, type: 3}
      propertyPath: m_RootOrder
      value: 1
      objectReference: {fileID: 0}
    - target: {fileID: 3711312470254498488, guid: a6b16b29ae4355d47a01bd01c2f3aa77, type: 3}
      propertyPath: m_AnchorMax.x
      value: 0
      objectReference: {fileID: 0}
    - target: {fileID: 3711312470254498488, guid: a6b16b29ae4355d47a01bd01c2f3aa77, type: 3}
      propertyPath: m_AnchorMax.y
      value: 0
      objectReference: {fileID: 0}
    - target: {fileID: 3711312470254498488, guid: a6b16b29ae4355d47a01bd01c2f3aa77, type: 3}
      propertyPath: m_AnchorMin.x
      value: 0
      objectReference: {fileID: 0}
    - target: {fileID: 3711312470254498488, guid: a6b16b29ae4355d47a01bd01c2f3aa77, type: 3}
      propertyPath: m_AnchorMin.y
      value: 0
      objectReference: {fileID: 0}
    - target: {fileID: 3711312470254498488, guid: a6b16b29ae4355d47a01bd01c2f3aa77, type: 3}
      propertyPath: m_SizeDelta.x
      value: 0
      objectReference: {fileID: 0}
    - target: {fileID: 3711312470254498488, guid: a6b16b29ae4355d47a01bd01c2f3aa77, type: 3}
      propertyPath: m_SizeDelta.y
      value: 0
      objectReference: {fileID: 0}
    - target: {fileID: 3711312470254498488, guid: a6b16b29ae4355d47a01bd01c2f3aa77, type: 3}
      propertyPath: m_LocalPosition.x
      value: 0
      objectReference: {fileID: 0}
    - target: {fileID: 3711312470254498488, guid: a6b16b29ae4355d47a01bd01c2f3aa77, type: 3}
      propertyPath: m_LocalPosition.y
      value: 0
      objectReference: {fileID: 0}
    - target: {fileID: 3711312470254498488, guid: a6b16b29ae4355d47a01bd01c2f3aa77, type: 3}
      propertyPath: m_LocalPosition.z
      value: 0
      objectReference: {fileID: 0}
    - target: {fileID: 3711312470254498488, guid: a6b16b29ae4355d47a01bd01c2f3aa77, type: 3}
      propertyPath: m_LocalRotation.w
      value: 1
      objectReference: {fileID: 0}
    - target: {fileID: 3711312470254498488, guid: a6b16b29ae4355d47a01bd01c2f3aa77, type: 3}
      propertyPath: m_LocalRotation.x
      value: -0
      objectReference: {fileID: 0}
    - target: {fileID: 3711312470254498488, guid: a6b16b29ae4355d47a01bd01c2f3aa77, type: 3}
      propertyPath: m_LocalRotation.y
      value: -0
      objectReference: {fileID: 0}
    - target: {fileID: 3711312470254498488, guid: a6b16b29ae4355d47a01bd01c2f3aa77, type: 3}
      propertyPath: m_LocalRotation.z
      value: -0
      objectReference: {fileID: 0}
    - target: {fileID: 3711312470254498488, guid: a6b16b29ae4355d47a01bd01c2f3aa77, type: 3}
      propertyPath: m_AnchoredPosition.x
      value: 0
      objectReference: {fileID: 0}
    - target: {fileID: 3711312470254498488, guid: a6b16b29ae4355d47a01bd01c2f3aa77, type: 3}
      propertyPath: m_AnchoredPosition.y
      value: 0
      objectReference: {fileID: 0}
    - target: {fileID: 3711312470254498488, guid: a6b16b29ae4355d47a01bd01c2f3aa77, type: 3}
      propertyPath: m_LocalEulerAnglesHint.x
      value: 0
      objectReference: {fileID: 0}
    - target: {fileID: 3711312470254498488, guid: a6b16b29ae4355d47a01bd01c2f3aa77, type: 3}
      propertyPath: m_LocalEulerAnglesHint.y
      value: 0
      objectReference: {fileID: 0}
    - target: {fileID: 3711312470254498488, guid: a6b16b29ae4355d47a01bd01c2f3aa77, type: 3}
      propertyPath: m_LocalEulerAnglesHint.z
      value: 0
      objectReference: {fileID: 0}
    - target: {fileID: 3711312470254498489, guid: a6b16b29ae4355d47a01bd01c2f3aa77, type: 3}
      propertyPath: m_Name
      value: Inventory Slot (1)
      objectReference: {fileID: 0}
    - target: {fileID: 3711312470596231982, guid: a6b16b29ae4355d47a01bd01c2f3aa77, type: 3}
      propertyPath: m_OnClick.m_PersistentCalls.m_Calls.Array.size
      value: 0
      objectReference: {fileID: 0}
    - target: {fileID: 3711312470596231982, guid: a6b16b29ae4355d47a01bd01c2f3aa77, type: 3}
      propertyPath: m_OnClick.m_PersistentCalls.m_Calls.Array.data[0].m_Mode
      value: 1
      objectReference: {fileID: 0}
    - target: {fileID: 3711312470596231982, guid: a6b16b29ae4355d47a01bd01c2f3aa77, type: 3}
      propertyPath: m_OnClick.m_PersistentCalls.m_Calls.Array.data[0].m_Target
      value: 
      objectReference: {fileID: 579450453}
    - target: {fileID: 3711312470596231982, guid: a6b16b29ae4355d47a01bd01c2f3aa77, type: 3}
      propertyPath: m_OnClick.m_PersistentCalls.m_Calls.Array.data[0].m_CallState
      value: 2
      objectReference: {fileID: 0}
    m_RemovedComponents: []
  m_SourcePrefab: {fileID: 100100000, guid: a6b16b29ae4355d47a01bd01c2f3aa77, type: 3}
--- !u!224 &1838505195 stripped
RectTransform:
  m_CorrespondingSourceObject: {fileID: 3711312470254498488, guid: a6b16b29ae4355d47a01bd01c2f3aa77, type: 3}
  m_PrefabInstance: {fileID: 405170679}
  m_PrefabAsset: {fileID: 0}
--- !u!1 &1852831279
GameObject:
  m_ObjectHideFlags: 0
  m_CorrespondingSourceObject: {fileID: 0}
  m_PrefabInstance: {fileID: 0}
  m_PrefabAsset: {fileID: 0}
  serializedVersion: 6
  m_Component:
  - component: {fileID: 1852831283}
  - component: {fileID: 1852831282}
  - component: {fileID: 1852831281}
  - component: {fileID: 1852831280}
  - component: {fileID: 1852831284}
  m_Layer: 5
  m_Name: InventoryCanvas
  m_TagString: Untagged
  m_Icon: {fileID: 0}
  m_NavMeshLayer: 0
  m_StaticEditorFlags: 0
  m_IsActive: 1
--- !u!114 &1852831280
MonoBehaviour:
  m_ObjectHideFlags: 0
  m_CorrespondingSourceObject: {fileID: 0}
  m_PrefabInstance: {fileID: 0}
  m_PrefabAsset: {fileID: 0}
  m_GameObject: {fileID: 1852831279}
  m_Enabled: 1
  m_EditorHideFlags: 0
  m_Script: {fileID: 11500000, guid: dc42784cf147c0c48a680349fa168899, type: 3}
  m_Name: 
  m_EditorClassIdentifier: 
  m_IgnoreReversedGraphics: 1
  m_BlockingObjects: 0
  m_BlockingMask:
    serializedVersion: 2
    m_Bits: 4294967295
--- !u!114 &1852831281
MonoBehaviour:
  m_ObjectHideFlags: 0
  m_CorrespondingSourceObject: {fileID: 0}
  m_PrefabInstance: {fileID: 0}
  m_PrefabAsset: {fileID: 0}
  m_GameObject: {fileID: 1852831279}
  m_Enabled: 1
  m_EditorHideFlags: 0
  m_Script: {fileID: 11500000, guid: 0cd44c1031e13a943bb63640046fad76, type: 3}
  m_Name: 
  m_EditorClassIdentifier: 
  m_UiScaleMode: 1
  m_ReferencePixelsPerUnit: 100
  m_ScaleFactor: 1
  m_ReferenceResolution: {x: 800, y: 600}
  m_ScreenMatchMode: 0
  m_MatchWidthOrHeight: 0
  m_PhysicalUnit: 3
  m_FallbackScreenDPI: 96
  m_DefaultSpriteDPI: 96
  m_DynamicPixelsPerUnit: 1
  m_PresetInfoIsWorld: 0
--- !u!223 &1852831282
Canvas:
  m_ObjectHideFlags: 0
  m_CorrespondingSourceObject: {fileID: 0}
  m_PrefabInstance: {fileID: 0}
  m_PrefabAsset: {fileID: 0}
  m_GameObject: {fileID: 1852831279}
  m_Enabled: 1
  serializedVersion: 3
  m_RenderMode: 0
  m_Camera: {fileID: 0}
  m_PlaneDistance: 100
  m_PixelPerfect: 0
  m_ReceivesEvents: 1
  m_OverrideSorting: 0
  m_OverridePixelPerfect: 0
  m_SortingBucketNormalizedSize: 0
  m_AdditionalShaderChannelsFlag: 25
  m_SortingLayerID: 0
  m_SortingOrder: 0
  m_TargetDisplay: 0
--- !u!224 &1852831283
RectTransform:
  m_ObjectHideFlags: 0
  m_CorrespondingSourceObject: {fileID: 0}
  m_PrefabInstance: {fileID: 0}
  m_PrefabAsset: {fileID: 0}
  m_GameObject: {fileID: 1852831279}
  m_LocalRotation: {x: 0, y: 0, z: 0, w: 1}
  m_LocalPosition: {x: 0, y: 0, z: 0}
  m_LocalScale: {x: 0, y: 0, z: 0}
  m_Children:
  - {fileID: 924291664}
  m_Father: {fileID: 0}
  m_RootOrder: 8
  m_LocalEulerAnglesHint: {x: 0, y: 0, z: 0}
  m_AnchorMin: {x: 0, y: 0}
  m_AnchorMax: {x: 0, y: 0}
  m_AnchoredPosition: {x: 0, y: 0}
  m_SizeDelta: {x: 0, y: 0}
  m_Pivot: {x: 0, y: 0}
--- !u!114 &1852831284
MonoBehaviour:
  m_ObjectHideFlags: 0
  m_CorrespondingSourceObject: {fileID: 0}
  m_PrefabInstance: {fileID: 0}
  m_PrefabAsset: {fileID: 0}
  m_GameObject: {fileID: 1852831279}
  m_Enabled: 1
  m_EditorHideFlags: 0
  m_Script: {fileID: 11500000, guid: a94b1745b0e385746bf919d6a305d66d, type: 3}
  m_Name: 
  m_EditorClassIdentifier: 
  inventoryUI: {fileID: 924291663}
  itemsParent: {fileID: 1900671666}
--- !u!224 &1886541412 stripped
RectTransform:
  m_CorrespondingSourceObject: {fileID: 3711312470254498488, guid: a6b16b29ae4355d47a01bd01c2f3aa77, type: 3}
  m_PrefabInstance: {fileID: 860358718}
  m_PrefabAsset: {fileID: 0}
--- !u!1 &1900671665
GameObject:
  m_ObjectHideFlags: 0
  m_CorrespondingSourceObject: {fileID: 0}
  m_PrefabInstance: {fileID: 0}
  m_PrefabAsset: {fileID: 0}
  serializedVersion: 6
  m_Component:
  - component: {fileID: 1900671666}
  - component: {fileID: 1900671668}
  - component: {fileID: 1900671667}
  - component: {fileID: 1900671669}
  m_Layer: 5
  m_Name: Items Parent
  m_TagString: Untagged
  m_Icon: {fileID: 0}
  m_NavMeshLayer: 0
  m_StaticEditorFlags: 0
  m_IsActive: 1
--- !u!224 &1900671666
RectTransform:
  m_ObjectHideFlags: 0
  m_CorrespondingSourceObject: {fileID: 0}
  m_PrefabInstance: {fileID: 0}
  m_PrefabAsset: {fileID: 0}
  m_GameObject: {fileID: 1900671665}
  m_LocalRotation: {x: 0, y: 0, z: 0, w: 1}
  m_LocalPosition: {x: 0, y: 0, z: 0}
  m_LocalScale: {x: 1, y: 1, z: 1}
  m_Children:
  - {fileID: 1056678707}
  - {fileID: 1442499598}
  - {fileID: 1886541412}
  - {fileID: 126120709}
  - {fileID: 1738314139}
  - {fileID: 1060462211}
  - {fileID: 1838505195}
  - {fileID: 679201155}
  - {fileID: 1322679074}
  - {fileID: 831841542}
  - {fileID: 326259286}
  - {fileID: 2084524094}
  m_Father: {fileID: 924291664}
  m_RootOrder: 1
  m_LocalEulerAnglesHint: {x: 0, y: 0, z: 0}
  m_AnchorMin: {x: 0, y: 0}
  m_AnchorMax: {x: 0, y: 0}
  m_AnchoredPosition: {x: 77, y: 107}
  m_SizeDelta: {x: 154, y: 214}
  m_Pivot: {x: 0.5, y: 0.5}
--- !u!114 &1900671667
MonoBehaviour:
  m_ObjectHideFlags: 0
  m_CorrespondingSourceObject: {fileID: 0}
  m_PrefabInstance: {fileID: 0}
  m_PrefabAsset: {fileID: 0}
  m_GameObject: {fileID: 1900671665}
  m_Enabled: 1
  m_EditorHideFlags: 0
  m_Script: {fileID: 11500000, guid: fe87c0e1cc204ed48ad3b37840f39efc, type: 3}
  m_Name: 
  m_EditorClassIdentifier: 
  m_Material: {fileID: 0}
  m_Color: {r: 1, g: 1, b: 1, a: 1}
  m_RaycastTarget: 1
  m_RaycastPadding: {x: 0, y: 0, z: 0, w: 0}
  m_Maskable: 1
  m_OnCullStateChanged:
    m_PersistentCalls:
      m_Calls: []
  m_Sprite: {fileID: 21300000, guid: 8ba69588c88cbe542b6ea3bc45daaa1d, type: 3}
  m_Type: 1
  m_PreserveAspect: 0
  m_FillCenter: 1
  m_FillMethod: 4
  m_FillAmount: 1
  m_FillClockwise: 1
  m_FillOrigin: 0
  m_UseSpriteMesh: 0
  m_PixelsPerUnitMultiplier: 0.6
--- !u!222 &1900671668
CanvasRenderer:
  m_ObjectHideFlags: 0
  m_CorrespondingSourceObject: {fileID: 0}
  m_PrefabInstance: {fileID: 0}
  m_PrefabAsset: {fileID: 0}
  m_GameObject: {fileID: 1900671665}
  m_CullTransparentMesh: 1
--- !u!114 &1900671669
MonoBehaviour:
  m_ObjectHideFlags: 0
  m_CorrespondingSourceObject: {fileID: 0}
  m_PrefabInstance: {fileID: 0}
  m_PrefabAsset: {fileID: 0}
  m_GameObject: {fileID: 1900671665}
  m_Enabled: 1
  m_EditorHideFlags: 0
  m_Script: {fileID: 11500000, guid: 8a8695521f0d02e499659fee002a26c2, type: 3}
  m_Name: 
  m_EditorClassIdentifier: 
  m_Padding:
    m_Left: 7
    m_Right: 0
    m_Top: 8
    m_Bottom: 0
  m_ChildAlignment: 0
  m_StartCorner: 0
  m_StartAxis: 0
  m_CellSize: {x: 37.64, y: 40}
  m_Spacing: {x: 10.22, y: 10.95}
  m_Constraint: 0
  m_ConstraintCount: 2
--- !u!224 &2084524094 stripped
RectTransform:
  m_CorrespondingSourceObject: {fileID: 3711312470254498488, guid: a6b16b29ae4355d47a01bd01c2f3aa77, type: 3}
  m_PrefabInstance: {fileID: 375524185}
  m_PrefabAsset: {fileID: 0}
--- !u!1001 &3711312469197885835
PrefabInstance:
  m_ObjectHideFlags: 0
  serializedVersion: 2
  m_Modification:
    m_TransformParent: {fileID: 1900671666}
    m_Modifications:
    - target: {fileID: 3711312470254498488, guid: a6b16b29ae4355d47a01bd01c2f3aa77, type: 3}
      propertyPath: m_Pivot.x
      value: 0.5
      objectReference: {fileID: 0}
    - target: {fileID: 3711312470254498488, guid: a6b16b29ae4355d47a01bd01c2f3aa77, type: 3}
      propertyPath: m_Pivot.y
      value: 0.5
      objectReference: {fileID: 0}
    - target: {fileID: 3711312470254498488, guid: a6b16b29ae4355d47a01bd01c2f3aa77, type: 3}
      propertyPath: m_RootOrder
      value: 0
      objectReference: {fileID: 0}
    - target: {fileID: 3711312470254498488, guid: a6b16b29ae4355d47a01bd01c2f3aa77, type: 3}
      propertyPath: m_AnchorMax.x
      value: 0
      objectReference: {fileID: 0}
    - target: {fileID: 3711312470254498488, guid: a6b16b29ae4355d47a01bd01c2f3aa77, type: 3}
      propertyPath: m_AnchorMax.y
      value: 0
      objectReference: {fileID: 0}
    - target: {fileID: 3711312470254498488, guid: a6b16b29ae4355d47a01bd01c2f3aa77, type: 3}
      propertyPath: m_AnchorMin.x
      value: 0
      objectReference: {fileID: 0}
    - target: {fileID: 3711312470254498488, guid: a6b16b29ae4355d47a01bd01c2f3aa77, type: 3}
      propertyPath: m_AnchorMin.y
      value: 0
      objectReference: {fileID: 0}
    - target: {fileID: 3711312470254498488, guid: a6b16b29ae4355d47a01bd01c2f3aa77, type: 3}
      propertyPath: m_SizeDelta.x
      value: 0
      objectReference: {fileID: 0}
    - target: {fileID: 3711312470254498488, guid: a6b16b29ae4355d47a01bd01c2f3aa77, type: 3}
      propertyPath: m_SizeDelta.y
      value: 0
      objectReference: {fileID: 0}
    - target: {fileID: 3711312470254498488, guid: a6b16b29ae4355d47a01bd01c2f3aa77, type: 3}
      propertyPath: m_LocalPosition.x
      value: 0
      objectReference: {fileID: 0}
    - target: {fileID: 3711312470254498488, guid: a6b16b29ae4355d47a01bd01c2f3aa77, type: 3}
      propertyPath: m_LocalPosition.y
      value: 0
      objectReference: {fileID: 0}
    - target: {fileID: 3711312470254498488, guid: a6b16b29ae4355d47a01bd01c2f3aa77, type: 3}
      propertyPath: m_LocalPosition.z
      value: 0
      objectReference: {fileID: 0}
    - target: {fileID: 3711312470254498488, guid: a6b16b29ae4355d47a01bd01c2f3aa77, type: 3}
      propertyPath: m_LocalRotation.w
      value: 1
      objectReference: {fileID: 0}
    - target: {fileID: 3711312470254498488, guid: a6b16b29ae4355d47a01bd01c2f3aa77, type: 3}
      propertyPath: m_LocalRotation.x
      value: -0
      objectReference: {fileID: 0}
    - target: {fileID: 3711312470254498488, guid: a6b16b29ae4355d47a01bd01c2f3aa77, type: 3}
      propertyPath: m_LocalRotation.y
      value: -0
      objectReference: {fileID: 0}
    - target: {fileID: 3711312470254498488, guid: a6b16b29ae4355d47a01bd01c2f3aa77, type: 3}
      propertyPath: m_LocalRotation.z
      value: -0
      objectReference: {fileID: 0}
    - target: {fileID: 3711312470254498488, guid: a6b16b29ae4355d47a01bd01c2f3aa77, type: 3}
      propertyPath: m_AnchoredPosition.x
      value: 0
      objectReference: {fileID: 0}
    - target: {fileID: 3711312470254498488, guid: a6b16b29ae4355d47a01bd01c2f3aa77, type: 3}
      propertyPath: m_AnchoredPosition.y
      value: 0
      objectReference: {fileID: 0}
    - target: {fileID: 3711312470254498488, guid: a6b16b29ae4355d47a01bd01c2f3aa77, type: 3}
      propertyPath: m_LocalEulerAnglesHint.x
      value: 0
      objectReference: {fileID: 0}
    - target: {fileID: 3711312470254498488, guid: a6b16b29ae4355d47a01bd01c2f3aa77, type: 3}
      propertyPath: m_LocalEulerAnglesHint.y
      value: 0
      objectReference: {fileID: 0}
    - target: {fileID: 3711312470254498488, guid: a6b16b29ae4355d47a01bd01c2f3aa77, type: 3}
      propertyPath: m_LocalEulerAnglesHint.z
      value: 0
      objectReference: {fileID: 0}
    - target: {fileID: 3711312470254498489, guid: a6b16b29ae4355d47a01bd01c2f3aa77, type: 3}
      propertyPath: m_Name
      value: Inventory Slot
      objectReference: {fileID: 0}
    m_RemovedComponents: []
  m_SourcePrefab: {fileID: 100100000, guid: a6b16b29ae4355d47a01bd01c2f3aa77, type: 3}
--- !u!1001 &4380363650684870519
PrefabInstance:
  m_ObjectHideFlags: 0
  serializedVersion: 2
  m_Modification:
    m_TransformParent: {fileID: 0}
    m_Modifications:
    - target: {fileID: 4380363649800103546, guid: 54f6ede6d8cf4b048a3f5fa0e597589c, type: 3}
      propertyPath: m_RootOrder
      value: 2
      objectReference: {fileID: 0}
    - target: {fileID: 4380363649800103546, guid: 54f6ede6d8cf4b048a3f5fa0e597589c, type: 3}
      propertyPath: m_LocalPosition.x
      value: 9.96497
      objectReference: {fileID: 0}
    - target: {fileID: 4380363649800103546, guid: 54f6ede6d8cf4b048a3f5fa0e597589c, type: 3}
      propertyPath: m_LocalPosition.y
      value: 10.811413
      objectReference: {fileID: 0}
    - target: {fileID: 4380363649800103546, guid: 54f6ede6d8cf4b048a3f5fa0e597589c, type: 3}
      propertyPath: m_LocalPosition.z
      value: -16.924856
      objectReference: {fileID: 0}
    - target: {fileID: 4380363649800103546, guid: 54f6ede6d8cf4b048a3f5fa0e597589c, type: 3}
      propertyPath: m_LocalRotation.w
      value: 1
      objectReference: {fileID: 0}
    - target: {fileID: 4380363649800103546, guid: 54f6ede6d8cf4b048a3f5fa0e597589c, type: 3}
      propertyPath: m_LocalRotation.x
      value: 0
      objectReference: {fileID: 0}
    - target: {fileID: 4380363649800103546, guid: 54f6ede6d8cf4b048a3f5fa0e597589c, type: 3}
      propertyPath: m_LocalRotation.y
      value: 0
      objectReference: {fileID: 0}
    - target: {fileID: 4380363649800103546, guid: 54f6ede6d8cf4b048a3f5fa0e597589c, type: 3}
      propertyPath: m_LocalRotation.z
      value: 0
      objectReference: {fileID: 0}
    - target: {fileID: 4380363649800103546, guid: 54f6ede6d8cf4b048a3f5fa0e597589c, type: 3}
      propertyPath: m_LocalEulerAnglesHint.x
      value: 0
      objectReference: {fileID: 0}
    - target: {fileID: 4380363649800103546, guid: 54f6ede6d8cf4b048a3f5fa0e597589c, type: 3}
      propertyPath: m_LocalEulerAnglesHint.y
      value: 0
      objectReference: {fileID: 0}
    - target: {fileID: 4380363649800103546, guid: 54f6ede6d8cf4b048a3f5fa0e597589c, type: 3}
      propertyPath: m_LocalEulerAnglesHint.z
      value: 0
      objectReference: {fileID: 0}
    - target: {fileID: 4380363649800103547, guid: 54f6ede6d8cf4b048a3f5fa0e597589c, type: 3}
      propertyPath: _tilemap
      value: 
      objectReference: {fileID: 719730162}
    - target: {fileID: 4380363649800103547, guid: 54f6ede6d8cf4b048a3f5fa0e597589c, type: 3}
      propertyPath: mapWidth
      value: 100
      objectReference: {fileID: 0}
    - target: {fileID: 4380363649800103547, guid: 54f6ede6d8cf4b048a3f5fa0e597589c, type: 3}
      propertyPath: mapHeight
      value: 100
      objectReference: {fileID: 0}
    - target: {fileID: 4380363649800103547, guid: 54f6ede6d8cf4b048a3f5fa0e597589c, type: 3}
      propertyPath: zoomLevel
      value: 7
      objectReference: {fileID: 0}
    - target: {fileID: 4380363649800103547, guid: 54f6ede6d8cf4b048a3f5fa0e597589c, type: 3}
      propertyPath: enemyParent
      value: 
      objectReference: {fileID: 1284284900}
    - target: {fileID: 4380363649800103547, guid: 54f6ede6d8cf4b048a3f5fa0e597589c, type: 3}
      propertyPath: playerPrefab
      value: 
      objectReference: {fileID: 3602340193288874681, guid: beafaf6703eaf2740a5639849a128320, type: 3}
    - target: {fileID: 4380363649800103547, guid: 54f6ede6d8cf4b048a3f5fa0e597589c, type: 3}
      propertyPath: ruleTileWater
      value: 
      objectReference: {fileID: 11400000, guid: f8037329804db694782d07137a28f96f, type: 2}
    - target: {fileID: 4380363649800103548, guid: 54f6ede6d8cf4b048a3f5fa0e597589c, type: 3}
      propertyPath: m_Name
      value: MapGeneratorVoodo
      objectReference: {fileID: 0}
    m_RemovedComponents: []
  m_SourcePrefab: {fileID: 100100000, guid: 54f6ede6d8cf4b048a3f5fa0e597589c, type: 3}
--- !u!1001 &5704236399316818325
PrefabInstance:
  m_ObjectHideFlags: 0
  serializedVersion: 2
  m_Modification:
    m_TransformParent: {fileID: 0}
    m_Modifications:
    - target: {fileID: 5704236399575675952, guid: bc29f705c4f267f4d87f68228342a2d0, type: 3}
      propertyPath: m_Follow
      value: 
      objectReference: {fileID: 0}
    - target: {fileID: 5704236399575675955, guid: bc29f705c4f267f4d87f68228342a2d0, type: 3}
      propertyPath: m_RootOrder
      value: 1
      objectReference: {fileID: 0}
    - target: {fileID: 5704236399575675955, guid: bc29f705c4f267f4d87f68228342a2d0, type: 3}
      propertyPath: m_LocalPosition.x
      value: 15.5
      objectReference: {fileID: 0}
    - target: {fileID: 5704236399575675955, guid: bc29f705c4f267f4d87f68228342a2d0, type: 3}
      propertyPath: m_LocalPosition.y
      value: 15.5
      objectReference: {fileID: 0}
    - target: {fileID: 5704236399575675955, guid: bc29f705c4f267f4d87f68228342a2d0, type: 3}
      propertyPath: m_LocalPosition.z
      value: -10
      objectReference: {fileID: 0}
    - target: {fileID: 5704236399575675955, guid: bc29f705c4f267f4d87f68228342a2d0, type: 3}
      propertyPath: m_LocalRotation.w
      value: 1
      objectReference: {fileID: 0}
    - target: {fileID: 5704236399575675955, guid: bc29f705c4f267f4d87f68228342a2d0, type: 3}
      propertyPath: m_LocalRotation.x
      value: 0
      objectReference: {fileID: 0}
    - target: {fileID: 5704236399575675955, guid: bc29f705c4f267f4d87f68228342a2d0, type: 3}
      propertyPath: m_LocalRotation.y
      value: 0
      objectReference: {fileID: 0}
    - target: {fileID: 5704236399575675955, guid: bc29f705c4f267f4d87f68228342a2d0, type: 3}
      propertyPath: m_LocalRotation.z
      value: 0
      objectReference: {fileID: 0}
    - target: {fileID: 5704236399575675955, guid: bc29f705c4f267f4d87f68228342a2d0, type: 3}
      propertyPath: m_LocalEulerAnglesHint.x
      value: 0
      objectReference: {fileID: 0}
    - target: {fileID: 5704236399575675955, guid: bc29f705c4f267f4d87f68228342a2d0, type: 3}
      propertyPath: m_LocalEulerAnglesHint.y
      value: 0
      objectReference: {fileID: 0}
    - target: {fileID: 5704236399575675955, guid: bc29f705c4f267f4d87f68228342a2d0, type: 3}
      propertyPath: m_LocalEulerAnglesHint.z
      value: 0
      objectReference: {fileID: 0}
    - target: {fileID: 5704236399575675958, guid: bc29f705c4f267f4d87f68228342a2d0, type: 3}
      propertyPath: m_Name
      value: PlayerFollowCamera
      objectReference: {fileID: 0}
    m_RemovedComponents: []
  m_SourcePrefab: {fileID: 100100000, guid: bc29f705c4f267f4d87f68228342a2d0, type: 3}
